3067 5400
176 613 221 681 38
393 631 439 679 DE
464 630 626 680 SCIENTIA
652 629 823 678 SiblPLlClS
846 629 1139 678 INTELLIGENTIAE.

176 753 339 824 cognitum.
361 785 396 792 -
414 755 581 820 Distinguo
599 755 794 817 antecedens,
807 768 874 805 cum
894 758 994 806 nostro
1012 752 1049 805 de
1078 751 1192 805 Bassoli
1211 753 1244 805 in
1265 755 1290 805 l.
1311 752 1354 805 di-

175 834 335 887 stinctione
353 832 398 886 36.
418 833 582 901 quaestione
602 835 627 885 1.
643 832 769 885 articulo
788 831 826 884 2.:
847 836 918 885 sunt
935 832 1018 899 prius
1032 830 1237 900 intelligibiles
1251 833 1356 884 sonna·

177 913 245 967 liter
262 918 292 966 et
309 912 458 973 distincte,
480 913 521 965 ita
540 917 574 965 ut
593 912 624 964 in
645 912 709 980 ipsa
730 910 915 979 praeluceant
944 911 1029 964 velut
1057 911 1087 963 in
1116 911 1249 979 speculo,
1279 926 1357 980 nego

178 993 373 1060 antecedens3
394 998 464 1045 sunt
482 993 566 1060 prius
586 991 793 1060 intelligibiles
812 990 980 1044 virtualiter
1009 990 1179 1045 indistincti
1203 997 1357 1060 tamquam

177 1072 299 1127 effectus
318 1074 351 1126 in
369 1088 425 1126 sua
444 1088 546 1138 eausa,
568 1070 698 1125 concedo
718 1071 907 1124 antecedens,
928 1070 973 1124 Ad
995 1072 1050 1124 boc
1072 1077 1170 1125 autem
1189 1078 1224 1126 ut
1242 1071 1357 1139 aliquid

179 1152 296 1207 dicatur
314 1152 506 1222 intelligibile
527 1151 691 1204 formaliter
714 1150 872 1219 loquendo,
893 1150 980 1204 debet
993 1157 1061 1203 actu
1076 1152 1288 1219 repraesentari,
1309 1149 1359 1204 vel

176 1234 207 1285 in
227 1234 333 1301 seipso,
353 1232 400 1286 vel
422 1233 452 1285 in
472 1232 581 1300 specie,
602 1230 733 1299 qualiter
752 1246 812 1284 non
832 1235 904 1285 sunt
923 1246 968 1284 res
986 1231 1142 1299 possibiles
1165 1231 1195 1284 in
1214 1231 1358 1295 essentia,

177 1314 350 1382 priusquam
370 1312 498 1381 intelligi
519 1314 734 1381 supponantur.

232 1386 390 1447 Uaanms:
412 1390 442 1445 Si
462 1395 605 1445 creaturae
625 1389 827 1460 producantur
840 1391 871 1443 in
890 1406 955 1444 esse
973 1391 1106 1460 possibili
1125 1398 1155 1446 et
1173 1392 1321 1446 diminuto
1339 1406 1361 1444 a

177 1472 348 1540 cognitione
366 1471 433 1536 Dei,
454 1485 640 1538 consequeus
658 1475 702 1524 est
722 1470 802 1537 quod
821 1471 940 1539 quando
953 1471 1035 1524 Deus
1048 1471 1178 1538 seipsam
1192 1471 1358 1540 cognoscit,

178 1551 237 1604 imo
256 1551 345 1604 etiam
364 1550 483 1619 quando
503 1556 653 1604 creaturas
674 1550 738 1618 jam
763 1550 924 1604 existentes
944 1551 1105 1620 cognoscit,
1126 1551 1193 1603 illas
1213 1551 1359 1619 producat

179 1631 211 1683 in
230 1645 295 1684 esse
313 1631 446 1699 possibili
464 1639 494 1684 et
512 1630 676 1684 diminuto:
696 1628 748 1683 sed
767 1630 876 1683 salsum
890 1645 1091 1699 consequens:
1111 1635 1224 1700 ergoet
1237 1636 1354 1684 antece·

178 1709 261 1764 deus.
276 1740 313 1750 -
331 1713 419 1778 Nego
438 1713 604 1778 majorem:
624 1714 658 1764 ut
676 1710 756 1763 enim
777 1725 880 1764 revera
897 1710 1017 1764 divinus
1039 1710 1209 1764 intellectus
1228 1726 1275 1765 res
1293 1725 1360 1779 pro·

178 1788 269 1844 ducat
287 1791 319 1843 in
338 1806 402 1845 esse
421 1791 568 1844 diminuto
587 1796 616 1845 et
634 1790 779 1859 possibili,
800 1790 918 1844 nullum
932 1806 978 1844 res
990 1791 1110 1859 cognita
1128 1805 1360 1860 praesupponere

179 1869 268 1925 debet
285 1886 359 1938 esse,
388 1870 522 1940 adeoque
539 1885 608 1924 cum
628 1870 710 1923 Dens
729 1870 777 1923 vel
797 1871 938 1939 seipsum,
967 1870 1014 1923 vel
1044 1876 1194 1924 creaturas
1212 1871 1276 1939 jam
1296 1871 1359 1925 exi·

180 1955 291 2004 stantes
319 1952 480 2021 cognoscit,
510 1951 685 2003 nullatenus
706 1965 747 2017 sc,
775 1956 828 2004 aut
854 1954 1004 2004 creaturas
1032 1951 1167 2020 cognitas
1195 1952 1360 2020 producere

181 2030 269 2084 debet
288 2031 319 2083 in
338 2046 403 2085 esse
421 2032 540 2100 cognito
560 2038 589 2084 et
607 2029 741 2100 possibili
761 2034 791 2083 et
810 2030 966 2084 diminuto.

236 2188 468 2248 Conclusio
490 2189 630 2246 tertia.
651 2220 686 2227 -
706 2188 807 2243 quen
826 2204 885 2243 aas
909 2204 1070 2244 russiana
1099 2206 1261 2246 <tonsurus
1285 2208 1361 2247 aira-

182 2285 326 2325 nnm‘raa
345 2286 377 2324 ln
397 2286 433 2324 sa
453 2274 697 2325 cossruanauulr
717 2284 758 2323 aa
778 2284 944 2330 nannenus
963 2285 1153 2326 conmenta
1168 2287 1207 2327 υτ
1220 2286 1298 2334 otuu
1313 2288 1359 2327 nl·

182 2366 338 2406 cumcurn
359 2366 400 2403 aa
419 2364 572 2404 nssss'rm
585 2365 626 2403 nu
640 2364 842 2404 lausannensi
855 2349 928 2416 Dan,
943 2364 1005 2403 nox
1019 2366 1076 2403 ns'r
1091 2367 1224 2413 sinnam
1238 2368 1357 2407 asana.

185 2432 257 2485 Haec
275 2436 320 2484 est
339 2445 478 2499 expressa
496 2429 631 2483 Doctoris
650 2430 799 2483 sententia
817 2430 849 2482 in
870 2432 893 2483 l.
915 2430 983 2483 dist.
1004 2430 1174 2499 aequasi.
1200 2433 1299 2499 unica,
1326 2435 1358 2486 in

185 2511 374 2580 responsione
392 2510 430 2563 arl
449 2509 623 2575 secundum,
644 2509 696 2563 ubi
716 2510 768 2563 ait:
788 2508 852 2562 ilico
870 2510 948 2578 qaod
964 2511 1117 2578 prodentia
1130 2510 1185 2564 ista
1200 2512 1231 2565 in
1245 2528 1304 2567 3333
1315 2530 1361 2568 oo·

180 2591 273 2659 pitito,
294 2589 384 2643 estin
404 2606 462 2643 3333
480 2589 601 2643 alterins
621 2588 744 2642 rationis
762 2589 800 2643 ab
817 2588 899 2641 rrmrn'
918 2605 976 2642 3333
989 2590 1171 2658 simpliciter,
1191 2595 1217 2643 36
1240 2609 1298 2646 non
1318 2595 1359 2647 336

185 2671 285 2726 relatio
304 2670 426 2725 ratr'onr's
445 2672 573 2735 tantam,
596 2670 646 2724 sed
669 2668 758 2723 etiarn
786 2668 979 2737 fundamenti
1005 2671 1139 2739 36336363,
1162 2688 1219 2726 nrm
1240 2673 1357 2742 qondam

182 2753 346 2808 teotradum
374 2767 432 2806 3333
459 2750 597 2814 3333336333,
628 2751 670 2804 vel
697 2750 867 2814 3363633633,
897 2752 975 2820 qnod
1004 2753 1045 2803 336
1077 2768 1176 2805 reram
1203 2770 1261 2807 3333
1269 2768 1280 2816 ,·
1309 2756 1363 2808 aad

183 2833 346 2888 securrdrtnt
364 2847 423 2885 3333
441 2830 635 2892 (lintinutam,
665 2832 743 2900 qrcod
771 2846 829 2883 3333
850 2832 891 2884 336
909 2847 967 2884 3333,
985 2833 1147 2885 secundnm
1167 2833 1249 2901 quid,
1270 2833 1358 2887 363333

183 2913 260 2967 entia
277 2912 411 2976 36336366,
432 2912 510 2980 qaod
529 2913 697 2964 inmenens
716 2912 883 2963 absolutam
907 2912 1069 2964 secundnm
1098 2912 1178 2966 336336
1195 2929 1254 2966 3333
1272 2913 1362 2967 climi-

184 2996 303 3056 natnrn‚
323 2990 533 3045 cortconn'tatar
553 2990 652 3044 relatio
675 2989 807 3044 rationis
838 2990 951 3044 Ibidem
979 2991 1046 3045 dist.
1069 2993 1111 3046 13.
1133 3000 1236 3061 quaest.
1258 2995 1362 3062 unica,

184 3075 237 3128 ait:
257 3088 307 3125 erra
326 3070 450 3124 vrationis
468 3072 586 3122 lanterna
605 3071 686 3123 hallei
704 3086 762 3124 3333
783 3069 815 3123 in
835 3070 990 3136 intellectu,
1011 3072 1081 3140 quia
1094 3088 1146 3125 333
1164 3073 1288 3127 rationis
1302 3090 1360 3128 non

184 3154 327 3208 3333336333
338 3152 374 3204 ab
392 3150 496 3216 objecto
515 3149 573 3202 nisi
592 3148 624 3202 in
643 3151 789 3218 pemittant
810 3150 968 3218 copiatum,
980 3153 1006 3204 et
1024 3154 1057 3203 at
1075 3151 1117 3205 sic
1135 3169 1192 3206 raon
1208 3154 1291 3206 babet
1303 3169 1364 3208 3333

187 3233 246 3288 atsi
258 3233 290 3286 in
304 3231 458 3294 intellectu,
479 3230 557 3299 qnod
575 3232 616 3284 336
634 3245 685 3283 ena
697 3229 892 3294 eliminatum,
907 3247 944 3284 33.
955 3234 983 3285 6.
1001 3232 1166 3301 lteram,-
1177 3232 1254 3286 nilnl
1262 3236 1362 3287 3336333

184 3313 349 3368 secundum
367 3311 445 3380 qaod
462 3325 514 3363 333
531 3309 716 3363 eliminatam
734 3312 785 3370 336,
806 3313 847 3363 336
862 3310 986 3379 propria
1006 3312 1079 3364 ratio
1097 3312 1171 3365 eratis
1191 3312 1258 3366 3336.
1279 3313 1318 3367 Et
1330 3314 1362 3367 in

186 3396 254 3450 dist.
276 3393 319 3447 36.
341 3409 371 3445 n.
393 3392 448 3450 10..
460 3392 512 3444 ubi
531 3406 599 3444 cum
618 3391 742 3445 dixisset
761 3391 837 3444 illud
855 3407 920 3445 esse
939 3392 1118 3446 diminutam
1137 3394 1314 3461 productum
1324 3395 1362 3448 ab

189 3475 344 3530 intellectu
363 3473 475 3538 divino,
496 3472 604 3526 habere
623 3472 766 3525 rationem
786 3472 863 3525 entis
882 3487 942 3525 non
962 3473 1128 3540 respectivi,
1149 3473 1200 3526 sed
1220 3474 1363 3542 absoluti,

187 3557 239 3611 ait:
259 3555 337 3624 qttotl
356 3555 454 3605 tritten
472 3568 524 3604 333
542 3553 708 3605 (absolata-m
727 3552 890 3605 coenredum
910 3551 990 3604 istaut
1007 3568 1066 3605 3333
1084 3552 1278 3614 alternantem,
1296 3570 1362 3608 con-

186 3634 343 3689 comitata-r
363 3631 462 3684 relatio
481 3630 612 3684 rationis.
628 3632 810 3699 Enerrtplnm
828 3632 929 3697 trajan,
940 3630 968 3683 3ι“
988 3631 1280 3687 (raaia-amatium
1292 3638 1363 3688 33336

186 3718 213 3768 at
232 3718 330 3767 tamen
349 3713 420 3765 33336
437 3713 536 3763 statua
557 3710 690 3774 Caesaris,
714 3710 812 3764 Coesur·
830 3713 900 3764 33336
920 3714 1142 3780 repraesentatas
1154 3729 1207 3780 per·
1218 3715 1363 3768 statuens.

188 3795 270 3850 Illud
288 3808 347 3845 3333
366 3793 606 3859 representatum
623 3792 664 3845 336
683 3790 805 3844 alterins
827 3790 949 3845 rationis
967 3793 1003 3845 ab
1015 3792 1097 3845 ontrri
1109 3808 1167 3845 3333
1179 3791 1365 3864 airnpliciter,

187 3876 246 3929 3633
265 3871 403 3934 3333336333,
424 3871 482 3924 aire
500 3870 671 3936 anistentioe,
693 3887 744 3925 nec
762 3873 804 3925 aa!
823 3887 882 3925 3333
903 3871 1085 3926 diminutam
1118 3872 1250 3937 Cetaria,
1277 3876 1366 3943 perosi

187 3953 304 4024 (aliquid
325 3951 448 4006 Coeaoris
466 3951 567 4006 6336336
586 3953 637 4005 boc
654 3968 713 4005 3333
731 3954 757 4002 36
775 3951 892 4021 aliquid
910 3969 979 4006 riori.
1000 3952 1082 4006 ,S'icat
1099 3953 1236 4021 AElln'opa
1257 3956 1299 4007 336
1321 3955 1365 4009 ‹lt-

188 4035 302 4091 nn'nnte
320 4033 413 4092 36633,
435 4031 505 4101 prtia
523 4031 640 4101 aliquid
658 4034 722 4099 ejas
741 4034 782 4085 336
804 4049 864 4086 rara
882 4034 981 4087 albara
1001 4036 1027 4086 36
1045 4033 1161 4102 aliqu-iat
1181 4049 1253 4096 nora·
1264 4036 1316 4089 3336
1326 4039 1366 4089 to·

190 4116 250 4169 tius
272 4111 395 4166 63333333
413 4113 439 4163 36
458 4113 521 4178 aaa
540 4127 598 4165 3333
616 4128 634 4164 a
654 4128 743 4164 33333
762 4128 818 4164 arnt
837 4114 878 4166 336
899 4129 997 4166 aarum
1025 4129 1083 4164 rasa
1101 4112 1263 4166 acistentioe
1280 4118 1307 4166 36
1324 4131 1368 4170 33-

187 4194 298 4259 33336333,
317 4193 405 4259 craias
423 4191 510 4245 totius
528 4193 690 4246 secnrnlrnn
709 4193 794 4245 totale
812 4207 871 4246 3333
888 4209 977 4245 saturn
991 4195 1031 4246 336
1044 4193 1121 4246 illaad
1132 4209 1191 4246 3333
1202 4196 1365 4249 sacratarium

188 4275 272 4346 quial,
282 4275 308 4326 36
327 4273 360 4327 in
380 4272 443 4342 ipso
460 4274 620 4326 aaearnlam
642 4273 723 4326 6363336
734 4287 793 4326 ease
811 4274 973 4326 secundant
993 4273 1066 4342 qaid
1083 4276 1174 4342 pateat
1192 4290 1250 4328 3333.
1263 4275 1366 4345 aliqua

189 4355 290 4410 ralatio
308 4354 348 4407 ad
366 4355 507 4407 stratuum.
529 4352 643 4416 Quibus.
662 4352 775 4407 Doctor
794 4353 944 4423 significat
962 4353 1040 4423 quod
1060 4354 1310 4422 quemadmodum
1324 4373 1368 4412 re-

189 4434 379 4506 praesentatio
397 4433 529 4488 formalis
548 4432 671 4487 Caesaris
692 4433 769 4486 nibil
790 4434 869 4488 reale
888 4434 1027 4504 importat
1054 4450 1108 4487 nec
1132 4435 1161 4487 in
1181 4439 1289 4503 statua,
1311 4451 1367 4492 nec

190 4518 222 4571 in
241 4513 366 4582 Caesare,
388 4515 430 4568 ita
447 4530 503 4568 nec
522 4513 598 4568 illud
615 4527 681 4568 esse
708 4513 893 4568 diminutum
922 4515 1194 4584 repraesentantem
1219 4521 1369 4572 creatura-

189 4611 255 4650 rum
275 4593 351 4648 nihil
372 4594 450 4649 reale
469 4593 617 4664 significat
635 4609 691 4648 nec
710 4595 742 4648 in
760 4609 803 4660 se,
824 4609 879 4649 nec
897 4595 929 4649 in
949 4595 1023 4664 ipsis
1041 4595 1194 4649 creaturis.

241 4674 375 4743 Deinde,
396 4673 471 4729 illud
490 4680 535 4729 est
552 4687 662 4744 purum
679 4689 734 4730 ena
747 4673 879 4742 rationis,
894 4675 975 4744 quod
987 4679 1102 4730 nutum
1117 4674 1370 4746 habetesseobje·
