3067 5400
182 744 250 813 158
353 738 356 745 ’
585 762 630 811 oa
654 760 855 811 nreaararr
887 760 954 809 nur.

179 900 280 939 secam
299 900 337 939 ex
356 886 472 939 actione
489 900 549 954 qua
567 889 718 940 creaturas
730 883 769 938 ad
782 887 866 938 extra
879 883 1024 953 producit,
1040 898 1168 952 queque
1177 882 1267 951 juxte
1280 884 1357 939 hanc

179 966 360 1019 sententiam
379 970 424 1019 est
442 964 603 1019 formaliter
621 966 767 1019 transiens
793 968 823 1017 et
847 964 879 1017 in
904 964 976 1033 ipsis
1001 963 1144 1017 creaturis
1164 968 1290 1032 recepta.
1312 963 1358 1018 Ita

180 1051 284 1100 censet
300 1044 448 1099 Aureolus
467 1046 498 1098 in
517 1047 543 1099 1.
559 1046 627 1099 dist.
642 1045 687 1099 ll.
702 1051 757 1099 art.
773 1046 799 1104 1.
821 1044 869 1097 cui
889 1044 989 1113 plures
1012 1043 1144 1097 Mede-mi
1174 1044 1358 1113 adstipulan-

183 1130 240 1179 tur.
260 1125 396 1179 Secunda
414 1126 562 1179 sententia
580 1125 668 1194 priori
682 1132 813 1179 extreme
826 1126 969 1193 opposita,
984 1128 1018 1177 ut
1031 1124 1177 1193 integram
1191 1128 1289 1178 servet
1301 1124 1356 1178 Dei
1377 1194 1380 1199 Ι

181 1206 359 1273 libertatem,
383 1206 503 1260 videtur
525 1206 590 1273 ejus
615 1206 886 1260 inmutabilitatem
910 1204 1070 1269 destrucre3
1094 1204 1180 1258 docet
1203 1206 1284 1258 enirn
1310 1206 1357 1259 de·

180 1290 294 1340 eretum
315 1286 369 1340 Del
390 1286 516 1340 liberum
535 1302 600 1339 esse
618 1286 778 1353 quamdam
799 1284 1006 1354 perlectionem
1027 1285 1149 1337 liberam
1170 1284 1234 1337 Deo
1253 1287 1357 1339 intrin-

179 1381 279 1419 secam
299 1367 412 1420 rationo
437 1366 607 1419 distinctam
632 1382 649 1418 a
673 1365 854 1434 perlectione
879 1364 1055 1423 necessaria,
1076 1379 1152 1431 quae,
1174 1366 1245 1432 quia
1265 1366 1358 1418 libera

179 1451 236 1513 est,
256 1447 368 1514 alasque
386 1446 450 1500 ulla
469 1446 689 1515 irrrp··rlectiorre
712 1450 808 1513 potest
830 1446 933 1498 abesse
957 1458 975 1495 a
1000 1443 1154 1498 voluntate
1178 1445 1290 1498 divina.
1313 1445 1358 1499 lta

180 1526 267 1580 docet
281 1524 440 1591 Caietanus
453 1541 503 1593 qu.
517 1526 559 1579 19.
572 1530 626 1579 art.
640 1524 667 1589 ⁴2,
679 1526 728 1578 eui
742 1524 908 1578 consentire
921 1524 1061 1577 videntur
1074 1523 1206 1577 Fonseea
1219 1530 1248 1577 et
1261 1523 1355 1591 Solae,

182 1604 342 1674 pluresque
361 1605 413 1657 alii
434 1604 576 1671 Moderni,
598 1605 675 1658 inter
693 1620 767 1673 quos
788 1605 915 1657 rnaximo
941 1604 1033 1657 enitet
1057 1608 1156 1657 noster
1176 1603 1305 1657 l‘oncius
1325 1604 1355 1656 in

179 1686 393 1739 commentario
412 1685 450 1738 ad
468 1685 688 1739 distinctionem
707 1686 751 1739 39.
774 1685 909 1739 Doctoris
928 1686 1055 1737 millet
1074 1685 1283 1752 sequentinm,
1304 1685 1356 1738 ubi

180 1764 272 1818 solvit
290 1765 439 1833 praecipua
458 1769 617 1833 momenta,
637 1781 704 1834 quse
723 1766 867 1819 adversus
884 1762 1017 1831 Cajetani
1036 1764 1213 1817 sententiam
1233 1769 1357 1833 possunt

178 1844 280 1911 objici.
301 1844 382 1899 Inter
400 1846 453 1899 has
474 1850 573 1899 autern
593 1846 742 1915 oppositas
761 1846 923 1899 sententias
942 1844 1042 1912 plures
1066 1848 1137 1897 sunt
1162 1844 1354 1912 intermediae,

181 1925 310 1977 maxime
322 1940 392 1979 vero
405 1932 473 1989 treS,
488 1940 555 1994 quae
573 1927 730 1994 utriusque
748 1930 887 1979 extremae
907 1925 1060 1978 sententia·
1085 1925 1209 1992 rigorem
1224 1925 1356 1978 emollire

178 2010 211 2058 et
228 2008 391 2073 temperare.
410 2006 556 2059 nituntur.
578 2004 678 2059 Prima
702 2006 822 2073 quidem
849 2004 953 2058 asserit
978 2004 1128 2057 decreturn
1149 2004 1203 2057 Ilei
1231 2005 1355 2060 liberum

179 2100 241 2138 non
259 2086 420 2147 consistere
438 2085 594 2153 ada-quate
613 2086 643 2137 in
663 2086 840 2139 lornralitate
860 2085 1030 2149 intrinseca,
1052 2100 1106 2138 nec
1133 2086 1162 2138 in
1188 2086 1288 2154 aliquo
1307 2103 1356 2140 ex-

179 2165 316 2231 trinseco,
336 2165 387 2218 sed
408 2166 438 2217 in
457 2170 584 2233 utroque
602 2165 703 2227 simul,
725 2165 766 2217 ita
784 2165 862 2232 quod
882 2165 919 2217 ad
938 2165 1069 2218 divinam
1085 2165 1249 2218 libertatem
1264 2166 1352 2218 sirnul

177 2248 331 2298 conterant
349 2249 379 2298 et
397 2249 481 2297 actus
500 2244 610 2297 divinae
623 2244 792 2297 Voluntatis
805 2249 834 2297 et
847 2245 924 2297 actio
937 2249 1079 2297 c-reatnne
1098 2244 1282 2311 productiva,
1302 2250 1353 2298 aut

178 2324 243 2393 ipsa
256 2330 391 2378 ereatura
403 2340 421 2377 a
433 2324 497 2377 D-·o
510 2324 662 2392 producta.
679 2323 724 2377 lta
737 2324 870 2377 sentiunt
884 2324 1012 2376 Basilius
1027 2322 1222 2390 legionensis
1234 2323 1312 2391 (drap.
1324 2324 1353 2376 d.

177 2422 202 2457 e.
215 2404 241 2470 ἱ),
257 2404 393 2456 (irenado
408 2405 501 2457 'll-(aa.
517 2403 557 2455 De
574 2405 725 2457 l'olnnlute
739 2402 802 2463 Ilei,
818 2402 894 2470 disp.
907 2403 934 2459 ι’).
949 2402 1074 2455 Armbal
1090 2402 1167 2470 disp.
1184 2402 1227 2455 16.
1239 2405 1295 2455 nrt.
1308 2402 1352 2456 61.

178 2490 208 2537 et
226 2485 334 2536 emtori.
356 2480 494 2537 Secunda
513 2485 639 2537 allirnrat
658 2488 756 2537 aretrnn
778 2483 832 2535 llei
854 2484 977 2535 liberum
998 2482 1159 2535 formaliter
1178 2482 1224 2534 vel
1246 2483 1351 2535 saltern

180 2564 367 2630 inarlzequate
386 2564 525 2617 constitui
546 2579 598 2631 per
618 2570 782 2631 respectum
805 2562 924 2615 rationis
948 2562 984 2614 ad
1013 2567 1162 2614 creaturas
1182 2563 1353 2625 existentes

179 2648 231 2695 ant
243 2644 367 2696 futuras.
382 2642 425 2697 Ita
439 2641 599 2712 Capreolus
613 2641 645 2695 in
657 2644 683 2695 l.
696 2642 764 2695 dist.
783 2643 821 2695 lia.
837 2644 937 2712 premet,
950 2644 975 2694 1.
998 2648 1026 2695 et
1046 2641 1241 2694 Ferrariensis
1256 2642 1356 2695 l'rinro

178 2726 279 2775 eontra
308 2723 411 2774 (letales
436 2741 500 2792 cap.
519 2725 563 2776 82.
585 2724 693 2791 quibus
719 2725 886 2778 consentire
912 2723 1030 2775 videtur
1049 2721 1183 2790 vasquez
1202 2721 1287 2791 Drap.
1309 2723 1353 2777 2⁶2.

179 2819 243 2872 ιαμ.
264 2807 292 2857 2.
313 2803 365 2856 uni
384 2804 436 2857 ait:
462 2805 602 2857 l'olentaa
621 2803 711 2856 liltore
729 2803 785 2857 Dei
803 2806 843 2854 est
863 2803 926 2871 ipsa
948 2802 1082 2854 dissentia
1104 2802 1206 2854 (lirina
1225 2819 1278 2870 pre
1296 2820 1355 2856 ano·

177 2883 253 2936 daem
271 2886 353 2937 aelim
371 2883 467 2946 eliciti,
489 2883 615 2937 inelredil
639 2885 737 2936 lernaea
763 2883 923 2951 paternalem
953 2881 1155 2934 lrnlrilralinem
1176 2882 1298 2934 allionis
1316 2884 1357 2935 ad

180 2961 373 3030 reclinares.
395 2963 496 3016 Tertia
514 2964 643 3032 denique.
663 2962 789 3016 aliirnrat
809 2962 972 3016 libertatem
993 2961 1048 3013 Dei
1077 2961 1151 3013 nihil
1181 2962 1264 3014 alind
1289 2979 1354 3017 esse,

176 3058 268 3111 quarn
287 3047 387 3097 aetrnn
406 3043 595 3097 entitativunr
616 3043 709 3111 ipsius
728 3042 837 3095 divinae
858 3041 1036 3096 Voluntatis.
1050 3041 1101 3108 qni
1115 3049 1202 3109 prout
1219 3042 1354 3096 infinitus

177 3128 233 3188 est,
255 3123 346 3174 libere
364 3123 459 3176 tendit
479 3124 509 3174 in
529 3122 643 3188 olriecta
662 3127 771 3186 ereata,
786 3125 815 3174 et
829 3122 866 3173 ab
885 3121 928 3172 eis
948 3122 1123 3174 terminatur
1142 3126 1170 3173 et
1190 3121 1283 3175 veluti
1304 3124 1353 3174 ab·

173 3202 286 3268 jeetive
305 3201 469 3270 completur
487 3217 539 3269 per
557 3202 706 3268 olrirectnrn
725 3206 754 3254 et
774 3199 909 3254 ellectum
930 3201 1139 3254 extrinsecum.
1160 3201 1203 3254 Ita
1219 3202 1298 3268 quod
1312 3203 1355 3254 di-

179 3282 283 3334 vinum
301 3281 381 3333 vella
400 3282 525 3334 liberum
544 3281 583 3334 sit
602 3281 726 3348 ipsemet
745 3285 829 3333 aetus
849 3280 903 3332 Dei
924 3281 1108 3334 necessarius
1128 3281 1225 3349 quoad
1249 3283 1354 3336 errtita·

180 3360 380 3426 tern,etliber
398 3365 514 3415 tantum
533 3361 629 3428 qarotrd
650 3359 831 3413 tendentianr
862 3364 891 3412 et
917 3362 1173 3414 terminationem:
1203 3377 1268 3429 qure
1288 3378 1354 3416 sen-

178 3441 273 3494 tentia
291 3456 358 3494 cum
379 3442 492 3494 cacteris
510 3441 647 3494 videatur
665 3442 782 3506 certior,
803 3441 891 3494 etiarn
912 3447 956 3494 est
975 3442 1089 3494 ea‘teris
1108 3443 1300 3508 praeterendo:
1321 3448 1356 3497 ut

178 3527 278 3575 autom
298 3521 466 3575 evidentius
489 3527 629 3591 appareat

233 3601 413 3656 Norasnrn
432 3603 458 3654 3.
479 3601 587 3654 Actum
607 3601 714 3654 divina
735 3601 904 3655 Voluntatis
917 3616 948 3654 se
964 3601 1070 3653 haltere
1083 3601 1298 3667 quodammodo
1317 3604 1355 3657 ad

177 3680 293 3746 olpieeta
314 3682 415 3738 libera.
436 3682 514 3733 sieut
532 3681 671 3734 voluntas
690 3686 790 3734 nostra
810 3696 841 3730 se.
862 3681 950 3733 lrabet
968 3680 1004 3731 ad
1027 3679 1132 3731 liberos
1152 3686 1244 3747 aetns,
1266 3682 1298 3734 in
1321 3699 1356 3735 eo

180 3761 308 3814 maxime.
327 3761 405 3830 qnod
424 3762 502 3813 sieut
521 3760 659 3813 voluntas
678 3769 779 3814 nostra
798 3761 900 3813 eadern
930 3760 959 3812 in
990 3777 1020 3813 s·
1050 3775 1171 3812 rnanens
1195 3761 1356 3816 intrinsece

178 3840 243 3892 sine
263 3840 327 3893 ulla
344 3841 391 3892 sni
411 3841 584 3900 mutatione,
605 3840 652 3890 rel
673 3839 824 3892 additione.
844 3841 926 3900 reali,
947 3847 1064 3893 exercet
1084 3847 1193 3906 aet-ann,
1213 3841 1260 3892 vel
1293 3858 1352 3895 non

177 3925 306 3980 exercet,
320 3925 350 3973 et
363 3921 441 3972 hune
461 3925 559 3971 aeturn
580 3919 661 3972 elicit
679 3919 727 3970 vel
758 3919 839 3971 illins
868 3921 1045 3988 appositum,
1066 3920 1197 3986 alioquin
1224 3922 1356 3976 araretur

180 3998 211 4049 in
232 3999 391 4058 inlinitum,
411 3999 435 4049 si
457 3999 533 4050 inter
553 3998 646 4066 ipsam
664 3999 848 4052 voluntatem
869 4004 898 4052 et
917 4005 1016 4052 aetnrn
1036 4000 1258 4067 producendum
1279 4001 1354 4054 desi·

179 4077 331 4129 ‹leraretnr
350 4077 471 4144 aliquod
491 4077 620 4130 rnedirnn
642 4078 729 4138 reale,
750 4093 810 4146 qno
829 4079 967 4132 voluntas
996 4080 1121 4146 seipsarn
1143 4079 1352 4136 determinaret

177 4157 216 4210 ad
235 4158 383 4226 agendum
403 4163 433 4210 et
451 4158 675 4225 producendum
694 4167 811 4215 aetnrn:
832 4160 874 4210 sie
903 4167 987 4211 arctus
1007 4161 1126 4211 divinus
1157 4160 1233 4212 idern
1257 4162 1356 4228 quoad

179 4237 286 4290 realern
307 4239 470 4298 entitatem,
491 4242 587 4305 potest
604 4238 751 4304 objectum
772 4239 850 4290 velle.
878 4245 929 4292 aut
958 4257 1015 4291 non
1047 4239 1133 4296 velle..
1156 4247 1207 4292 ant
1227 4240 1308 4294 nolle
1326 4248 1356 4295 et

178 4317 257 4370 velle
277 4317 330 4370 lroe
349 4322 401 4370 aut
420 4317 501 4371 illins
520 4319 698 4386 oppositum,
718 4318 844 4372 adeant
864 4319 990 4372 actualis
1020 4319 1069 4370 illa
1090 4327 1119 4371 et
1139 4322 1355 4387 perl‹··‹·tissinre

176 4398 296 4454 entitas,
317 4413 383 4464 quac
402 4397 570 4466 appellatur
582 4398 685 4450 divina
698 4398 811 4458 volitio,
828 4413 884 4450 non
900 4399 938 4452 sit
952 4399 1147 4467 eorrrparanda
1163 4415 1231 4452 curn
1247 4400 1354 4454 nostris

178 4478 293 4530 actibus
313 4477 422 4538 liberis,
443 4477 495 4528 sed
514 4478 613 4544 potius
633 4491 700 4530 ennr
719 4485 819 4531 nostra
846 4479 989 4533 libertate.
1017 4477 1066 4531 Sic
1090 4480 1168 4531 enirn
1194 4484 1278 4533 aetus
1304 4478 1354 4534 ille

175 4571 210 4610 se
229 4557 318 4612 habet
335 4557 551 4625 quodammodo
570 4557 609 4610 ad
627 4556 742 4624 olrieeta
761 4558 864 4624 libera,
885 4565 919 4613 ut
937 4559 1075 4612 voluntas
1095 4565 1193 4612 nostra
1219 4559 1256 4612 ad
1285 4575 1354 4614 suos

175 4641 262 4690 aetus
281 4637 399 4690 liberos.
421 4635 481 4690 Nec
500 4637 608 4690 mirunr
627 4637 722 4690 videri
741 4637 838 4702 debet,
853 4639 932 4707 quod
947 4639 1027 4692 Dens
1041 4654 1093 4707 per
1111 4639 1234 4692 unicum
1254 4646 1353 4693 aetum

178 4714 264 4783 plura
277 4716 348 4771 lacit
360 4721 390 4770 et
403 4715 490 4770 modo
508 4715 637 4784 quodam
650 4715 901 4771 excellentissimo
914 4723 1040 4786 exercet,
1055 4718 1134 4786 quod
1149 4733 1202 4771 nos
1214 4723 1354 4788 prestare
