3067 5400
176 746 243 813 146
443 763 489 812 nu
514 762 666 813 acrinus
689 763 822 813 mvmnt
847 748 1084 813 voiuurarrs.

176 903 236 940 non
255 886 333 955 quod
353 901 456 941 revera
473 886 513 941 sit
530 886 644 955 duplex
662 888 772 941 anseris
792 889 887 952 actus,
907 886 960 939 sed
979 890 1096 941 tanturn
1116 888 1187 955 quia
1207 887 1237 941 in
1251 888 1354 941 eodem

176 973 246 1021 actu
264 966 375 1035 duplex
393 970 438 1021 est
456 968 564 1021 amoris
584 970 746 1035 respectus,
767 966 846 1019 Hinc
866 965 924 1019 duo
943 968 1014 1019 sunt
1033 966 1081 1021 bic
1095 967 1280 1021 resolvenda:
1292 968 1354 1021 Pri-

177 1062 269 1111 mum,
280 1062 318 1100 an
338 1047 420 1100 Deus
434 1062 536 1100 revera
550 1048 657 1101 babent
669 1061 799 1100 amorem
814 1062 831 1099 a
844 1045 989 1099 deside-rio
1002 1050 1033 1099 et
1043 1046 1154 1115 gaudio
1167 1047 1351 1102 distinctum.

176 1124 357 1194 Secundum,
378 1142 416 1179 an
435 1127 543 1181 habeat
561 1141 692 1179 amorem
712 1126 851 1181 rlrrricitia·¹
871 1141 942 1195 erga
960 1130 1120 1179 creaturas.

229 1209 304 1259 Dico
325 1210 352 1260 1.
374 1209 414 1259 In
431 1209 496 1260 Deo
509 1222 575 1259 esse
588 1222 696 1259 verum
710 1209 854 1259 Amorem
867 1206 1038 1259 formaliter
1052 1208 1235 1260 distinctum
1248 1223 1268 1260 a
1280 1223 1354 1275 geu·

174 1288 227 1341 dio
238 1290 273 1338 et
284 1288 453 1339 desiderio:
468 1292 530 1340 tum
544 1287 614 1354 quin
628 1284 780 1354 Scriptura
799 1302 882 1339 sacra
901 1291 930 1340 et
949 1286 1044 1339 sancti
1064 1285 1165 1340 Patres
1185 1292 1354 1341 constanter

175 1368 311 1422 tribuunt
321 1367 384 1420 Deo
394 1382 521 1419 amorem
533 1382 604 1435 erga
617 1367 759 1433 seipsum:
770 1366 977 1433 affirmentque
987 1363 1130 1434 Spiritum
1141 1373 1276 1421 sanctum
1291 1383 1354 1436 pro·

176 1447 281 1501 cedere
291 1462 343 1515 per
355 1462 494 1509 amorem:
506 1446 586 1513 quod
599 1451 678 1499 certe-
690 1446 833 1514 explicari
850 1461 908 1497 non
922 1446 1010 1499 debet
1023 1446 1059 1498 de
1072 1461 1170 1500 ninere
1183 1447 1352 1516 improprio,

175 1527 228 1579 sed
238 1525 352 1579 fornrali
372 1531 401 1579 et
420 1526 643 1594 perlectissimm
659 1527 790 1579 inanime
804 1541 872 1579 cum
887 1526 935 1578 hie
947 1526 1079 1578 lormalis
1089 1540 1171 1578 artior
1181 1526 1354 1580 nullatenus

176 1608 272 1660 ileum
293 1604 442 1669 dedeceat,
463 1611 497 1659 nt
515 1604 628 1673 patebit
647 1605 678 1657 in
697 1604 899 1669 objectionum
918 1604 1075 1658 solutione.
1097 1604 1175 1658 Turn
1195 1607 1266 1673 quia
1291 1606 1354 1674 qui·

175 1699 305 1752 eumque
324 1685 412 1737 imbet
430 1684 613 1738 voluntateri:
633 1684 807 1752 formaliter,
830 1685 917 1738 babet
936 1685 1024 1737 etium
1038 1700 1167 1738 amorem
1182 1685 1352 1751 formaliter:

176 1780 246 1817 narn
265 1780 302 1817 ex
329 1764 487 1817 Aristotele
505 1764 531 1817 2.
556 1764 782 1825 liettorieoeam,
813 1780 878 1832 eap.
908 1764 936 1831 l,
967 1779 1066 1817 arrrare
1085 1772 1130 1819 eat
1157 1765 1235 1818 velle
1263 1766 1354 1819 alicui

175 1846 286 1899 bonum
306 1848 336 1897 ct
354 1844 599 1913 complacentiam
622 1844 703 1896 illius
729 1845 857 1908 babere:
878 1844 1011 1912 adeoque
1038 1860 1138 1897 ‹rrrmee
1166 1859 1225 1897 non
1256 1846 1354 1899 nrimrs

174 1924 292 1994 proprie
311 1923 365 1991 ipsi
386 1924 527 1977 convenit
545 1939 636 1991 (luam
656 1924 744 1976 aelle:
764 1923 817 1976 sed
837 1923 868 1975 in
889 1924 951 1977 Deo
971 1928 1015 1977 est
1028 1924 1167 1977 voluntas
1181 1925 1352 1979 iormnliter:

175 2019 246 2074 ergo
265 2009 295 2057 et
313 2019 403 2056 irritor.
425 2003 502 2057 Tum
522 2003 652 2073 deniqne
671 2004 742 2071 quia
755 2004 781 2055 si
795 2004 867 2071 quid
880 2004 996 2057 obesset
1010 2004 1169 2072 qnmninns
1189 2020 1271 2057 atrior
1290 2006 1354 2058 stri-

175 2085 306 2140 ctissime
324 2087 470 2152 sumptus,
485 2090 514 2137 et
527 2090 612 2153 prout
631 2098 649 2135 a
670 2083 780 2152 gaudio
805 2083 1010 2152 distinguitur,
1032 2084 1094 2137 ileo
1123 2085 1211 2137 tribui
1239 2094 1352 2153 posset,

177 2164 306 2218 rrraxime
324 2164 395 2233 quia
414 2164 462 2216 hic
481 2179 562 2216 amor
575 2164 726 2217 terminari
741 2164 859 2216 deberet
872 2163 909 2216 ad
923 2164 1032 2216 bonum
1049 2164 1165 2225 absens,
1181 2180 1240 2216 non
1254 2169 1354 2219 autem

176 2245 214 2297 erl
233 2246 341 2297 bonum
362 2258 493 2312 praesens
512 2250 542 2297 et
559 2259 747 2311 possessum:
768 2244 819 2295 sed
846 2243 953 2295 laisum
980 2258 1175 2311 consequens.
1198 2244 1353 2299 Probatur:

175 2340 258 2377 arnor
276 2340 335 2377 non
357 2324 455 2376 mimis
474 2324 651 2377 terminatur
669 2324 706 2375 ad
727 2323 756 2375 id
776 2323 855 2390 quod
874 2328 919 2375 est
937 2324 1128 2389 conveniens,
1150 2324 1213 2375 sive
1236 2324 1354 2379 interim

176 2405 215 2457 sit
233 2404 373 2469 existens,
394 2405 458 2456 sive
478 2402 678 2470 praescindens
692 2404 730 2455 ab
743 2403 911 2465 existentia,
927 2417 1014 2470 spuma
1029 2403 1065 2455 ad
1080 2403 1227 2469 objectum
1243 2404 1354 2457 bonum

177 2490 212 2537 ut
231 2482 393 2536 formaliter
411 2484 521 2534 bonum
541 2487 601 2535 est:
621 2483 672 2535 sed
693 2498 794 2536 revera
813 2483 988 2535 terminatur
1007 2483 1043 2535 ad
1062 2484 1173 2536 borium
1192 2491 1281 2551 prout
1306 2486 1354 2537 bo·

178 2579 248 2614 niun
273 2568 336 2615 est:
357 2578 426 2630 ergo
445 2562 534 2614 (etiam
555 2577 657 2615 revera
675 2562 827 2615 terminari
847 2568 943 2630 potest
960 2562 997 2614 ad
1011 2563 1158 2629 objectum
1173 2564 1354 2617 conveniens

177 2648 328 2709 quatenus
347 2651 391 2693 est
411 2642 601 2706 conveniens,
621 2643 685 2693 sive
705 2642 822 2696 interim
842 2642 1045 2696 consideretur
1063 2648 1096 2695 ut
1115 2648 1183 2695 actu
1212 2644 1351 2708 (existens

176 2723 240 2774 sive
261 2727 409 2790 quatenus
428 2723 598 2790 perscindit
616 2725 654 2776 ab
672 2724 840 2776 existentia.

233 2802 434 2868 confirmarat·
454 2804 478 2855 1.
500 2801 531 2854 si
552 2803 709 2870 prasentia
727 2802 833 2868 obiecti
854 2803 946 2855 anteri
974 2807 1160 2870 repugnaret,
1182 2810 1355 2872 seque-retur

176 2881 320 2952 grandium
340 2886 370 2934 et
389 2897 517 2934 amorem
537 2897 684 2950 nusquam
705 2883 794 2935 sinml
815 2898 899 2951 posse
920 2883 1089 2946 subsistere,
1105 2882 1268 2951 nullusque
1282 2899 1353 2953 gau-

177 2963 245 3014 dere
265 2966 363 3030 posset
381 2961 418 3014 de
436 2963 513 3015 bono
533 2977 666 3030 possesso
685 2964 756 3030 (puin
777 2961 850 3014 illud
871 2962 979 3030 diligit,
991 2962 1043 3013 sed
1063 2963 1132 3030 quia
1152 2962 1259 3015 dilexit
1279 2963 1353 3016 illud

177 3059 244 3094 eum
265 3043 396 3094 nondum
418 3041 493 3094 illud
511 3042 691 3110 possideret:
706 3043 760 3094 boc
775 3047 873 3095 autem
888 3057 1072 3108 consequens
1087 3041 1194 3095 laisum
1209 3059 1274 3096 esse
1287 3058 1353 3096 con·

176 3122 317 3188 vincitur,
338 3137 375 3174 ex
394 3137 428 3174 eo
447 3122 526 3188 quod
547 3123 656 3173 bonunr
676 3123 713 3172 de
732 3137 791 3189 qno
811 3122 976 3190 caridemus
996 3122 1099 3189 incipit
1112 3121 1269 3189 displicere
1283 3123 1353 3176 dum

178 3203 282 3271 incipit
302 3216 359 3252 non
379 3201 482 3267 arrrari,
503 3201 708 3268 prandiumque
727 3202 763 3253 de
784 3202 847 3268 ipso
866 3217 933 3253 cmn
958 3200 1040 3252 illius
1069 3217 1167 3254 errrore.
1197 3202 1350 3257 minuitur.

177 3281 299 3340 Deirale,
321 3287 438 3334 tantum
458 3282 539 3334 abest
558 3281 637 3348 quod
667 3281 824 3350 praesentia
852 3281 958 3346 obiecti
979 3281 1071 3333 arnori
1093 3287 1239 3350 repugnet
1257 3283 1353 3337 illum·

177 3377 235 3428 que
254 3361 420 3429 extinguat,
443 3362 501 3412 imo
520 3362 618 3428 potius
639 3360 724 3413 illum
744 3369 834 3428 eriget
847 3369 876 3413 et
889 3361 1022 3428 perlicit:
1038 3361 1116 3428 quod
1132 3362 1259 3416 maxime
1274 3368 1353 3431 patet

178 3442 208 3493 in
221 3441 306 3494 benis
319 3441 524 3509 spiritualibus
538 3457 662 3508 quorum
677 3441 822 3509 possessio
836 3456 963 3493 mnorem
979 3456 1036 3493 non
1054 3442 1171 3501 minuit,
1187 3443 1238 3494 sed
1252 3448 1351 3512 auget:

178 3523 207 3573 in
227 3537 286 3588 quo
305 3537 321 3573 a
342 3522 426 3571 bonis
441 3521 637 3589 temporaneis
648 3522 776 3573 inarime
794 3521 962 3588 discrepant
975 3537 1040 3588 qna
1054 3527 1122 3574 ante
1137 3523 1181 3574 sui
1197 3524 1353 3590 possessio

177 3616 244 3653 rrern
264 3601 442 3653 desiderium
457 3600 635 3656 accendunt.
651 3616 785 3668 possessa
799 3616 868 3652 vero
881 3600 918 3650 ob
932 3602 977 3652 sui
992 3601 1186 3668 exiguitatem
1202 3602 1352 3655 fastidium

176 3687 329 3750 generant.
353 3681 493 3748 Denique.
516 3696 597 3732 dirior
617 3681 770 3734 luatiflcus
790 3696 858 3732 vere
878 3681 972 3733 tendit
993 3681 1022 3732 in
1048 3682 1145 3734 Deum
1173 3697 1350 3749 possessum,

177 3778 236 3813 ιιιιιι
255 3769 353 3813 autem
375 3765 522 3826 (platanus
536 3761 680 3813 abstrahit
694 3777 710 3810 a
724 3761 918 3827 possessione,
934 3761 979 3812 vel
996 3776 1053 3813 non
1069 3762 1269 3828 possessione:
1283 3777 1352 3832 ergo

179 3842 246 3892 talis
265 3840 399 3908 praeisio
418 3856 477 3891 non
498 3844 542 3892 est
561 3840 596 3891 de
617 3845 762 3908 conceptu
783 3845 811 3892 et
831 3841 957 3893 essentia
987 3841 1103 3893 annuis.
1125 3840 1210 3894 Patet
1238 3847 1352 3896 antece·

177 3921 269 3972 dens:
300 3935 381 3970 arnor
403 3919 481 3971 ‹urinr
511 3919 663 3972 beat-illeiis
694 3919 847 3987 regulatur
874 3936 926 3987 per
954 3921 1153 3986 (aperitionem
1183 3921 1351 3974 intuitivam

177 3999 273 4051 ileum
293 4004 327 4051 ut
345 4005 389 4051 est
409 4000 440 4051 in
459 4014 489 4050 se
512 3999 735 4066 respicientem:
758 4005 787 4051 et
807 4016 858 4067 per
876 4015 1060 4067 consequens
1081 4017 1138 4052 non
1156 4002 1352 4069 attingentem

178 4079 274 4131 iteum
293 4083 441 4145 quatenus
461 4078 631 4145 praescindit
650 4095 666 4130 a
687 4079 881 4146 possessione,
902 4080 948 4132 sel
972 4095 1030 4131 non
1059 4081 1262 4147 possessione:
1283 4095 1353 4150 ergo

178 4158 245 4211 talis
266 4158 398 4226 pr:er.·isio
417 4174 476 4210 rron
497 4165 541 4210 est
561 4158 725 4211 necessaria
745 4158 781 4210 ad
802 4175 940 4212 ruborem.

231 4237 329 4291 Dnuts
349 4241 374 4290 1:
396 4237 488 4291 Aetas
508 4237 735 4304 distinguuntur
754 4254 806 4306 per·
834 4238 968 4304 obirata:
989 4239 1038 4291 sed
1069 4239 1216 4304 objectum
1246 4241 1353 4294 arnoris

177 4321 222 4371 est
240 4319 349 4370 bonum
369 4322 403 4370 ut
422 4318 464 4370 sic
490 4317 665 4371 abstrahens
684 4333 700 4369 a
721 4319 878 4386 prasentia
903 4327 931 4371 et
961 4319 1104 4376 absentia,
1125 4335 1140 4371 a
1171 4320 1353 4387 possessione

177 4398 224 4450 vel
245 4415 304 4450 non
323 4398 507 4466 possessione
527 4397 628 4450 illius:
648 4412 719 4464 ergo
737 4412 805 4450 cum
826 4407 909 4451 actus
930 4398 1038 4450 dirime
1058 4398 1226 4452 Voluntatis
1256 4399 1352 4453 ternri·

178 4484 265 4531 rietur
283 4478 320 4530 ad
339 4477 522 4530 voluntatem
543 4476 686 4544 divinam,
698 4485 732 4530 ut
745 4484 918 4544 praesentem
933 4482 962 4530 et
976 4493 1150 4544 possessam,
1163 4494 1222 4531 non
1234 4479 1353 4532 habebit

178 4558 320 4610 rationem
340 4556 457 4617 rrrrroris,
478 4556 526 4610 vel
547 4555 616 4608 odii.
637 4585 673 4594 —
690 4558 859 4624 Distinguo
877 4559 1044 4610 minorem:
1075 4557 1224 4624 objectum
1246 4559 1352 4613 ainans

177 4641 222 4690 est
239 4638 351 4690 bonum
370 4636 544 4690 abstrahens
562 4651 581 4688 a
599 4635 783 4704 possessione
802 4641 831 4688 ct
851 4651 909 4689 non
925 4636 1117 4705 possessione,
1134 4638 1174 4690 ita
1187 4638 1266 4706 quod
1280 4639 1352 4693 ratio

177 4717 304 4784 possessi
322 4722 352 4769 ct
363 4715 514 4770 consecuti
533 4730 566 4768 se
586 4715 692 4770 babeat
710 4719 827 4768 tantum
847 4715 1039 4770 materialiter
1054 4720 1083 4770 et
1095 4721 1129 4770 ut
1143 4716 1215 4770 ratio
1228 4733 1294 4786 (μαι
1311 4723 1352 4772 at·

177 4795 314 4864 tingitur,
334 4795 480 4850 concedo:
495 4794 537 4848 ita
555 4793 636 4864 quod
654 4809 687 4848 sc
705 4795 813 4848 babeat
832 4795 993 4849 iormaliter
1011 4801 1040 4849 et
1054 4795 1269 4865 reduplicatise
1281 4811 1352 4868 qua-
