3067 5400
213 578 280 645 124
580 595 626 644 uu
652 595 864 643 vouuuvnuu
889 594 1018 642 mvmn.

212 719 485 787 ernaldmensnil,
506 718 548 771 sie
566 721 608 771 est
627 717 782 771 solita-me.
805 717 872 771 Deo.
896 716 1018 786 rilipaid
1041 718 1139 768 radent
1160 717 1253 784 potest
1278 732 1336 769 csse
1356 715 1388 767 in

209 798 262 867 pri
265 814 312 849 rna
330 797 379 849 sai
396 797 623 851 consideratione
636 797 809 863 [trecenae-m
825 798 903 866 qual
915 798 1042 851 crtrsolate
1054 796 1268 864 consideo-alae)
1280 797 1396 848 lernam

216 879 258 931 cel
277 880 400 939 recedam,
422 879 500 947 aeeod
519 880 627 937 tannen,
641 880 730 946 prout
742 894 808 930 cunc
823 877 923 946 reliquo
935 877 1076 943 ‹relictae-to
1089 876 1290 929 consideratur
1311 875 1391 943 (qrtoe

211 960 254 1010 est
271 974 446 1026 arriseqaens
464 957 655 1011 consideratio
673 959 751 1027 egjnsi
775 975 788 1004 e
811 957 955 1011 cnarraio
978 972 1006 1008 se
1030 958 1121 1009 bobd.
1143 956 1223 1009 Sient
1243 955 1391 1008 lanninem

215 1038 304 1091 eicere
322 1041 363 1091 est
381 1040 499 1101 tritanu,
514 1042 540 1091 et
553 1038 698 1091 borainem
719 1037 811 1091 oeenle'
828 1039 869 1089 est
888 1037 1018 1099 inulam,
1039 1038 1198 1089 necandam
1226 1038 1390 1090 absolutam

210 1118 489 1171 ‹serresiderotioaan.·
506 1119 557 1170 sed
574 1117 602 1170 si
619 1118 751 1169 (caldata-r·
769 1118 844 1170 eirca
864 1116 990 1186 aliquem
1012 1116 1159 1169 berininene
1179 1117 1256 1185 epea
1280 1116 1318 1167 sit
1340 1117 1388 1168 leo·

213 1198 331 1264 micitia,
351 1200 395 1249 cel
416 1198 511 1249 cineas
531 1197 560 1249 in
580 1197 718 1265 parieaio,
739 1197 781 1250 sia
799 1198 904 1250 tatiana
926 1199 1051 1250 esterna
1071 1196 1170 1255 occidi.
1186 1198 1211 1247 ei
1225 1197 1391 1250 neaianeest

210 1294 280 1330 ecem
301 1279 399 1331 eicere.
425 1279 506 1330 (bale
522 1280 614 1345 noer
633 1277 691 1330 diei
709 1277 788 1346 prend
800 1278 1015 1343 jeabmjastas
1039 1279 1237 1330 erntecalenta·
1264 1278 1323 1328 enlt
1342 1277 1390 1328 lto-

121 1400 130 1419 ,
213 1358 322 1410 minem
337 1358 435 1421 eicere,
450 1359 500 1409 sed
512 1360 716 1425 cnrnseaaenicr
731 1358 791 1409 oalt
804 1356 981 1410 homicidam
994 1357 1145 1425 suspendi.
1158 1356 1300 1409 Similiter
1311 1356 1389 1409 Deus

211 1438 411 1490 antecedenter
430 1437 491 1490 eea
508 1453 623 1489 ‹araam
643 1436 788 1489 leorniaem
809 1436 928 1500 sericae-i,
943 1438 993 1488 sed
1006 1438 1209 1505 ‹anesequeater
1229 1438 1288 1488 cait
1307 1450 1390 1504 arton-

212 1518 281 1569 dam
302 1516 444 1569 ‹lerinam-i
461 1518 622 1569 necandam
642 1516 819 1583 euidentiam
844 1534 905 1570 sna
923 1517 1059 1583 justitia.
1081 1548 1115 1555 —
1138 1516 1209 1571 Hac
1228 1522 1327 1570 aunem
1347 1515 1390 1567 di·

212 1597 288 1649 visio
307 1596 337 1648 in
357 1596 541 1651 voluntatem
554 1594 785 1651 Antecedentem
801 1602 830 1650 et
843 1596 1078 1665 Corrsoquentem
1099 1612 1158 1649 uon
1178 1597 1323 1664 accipitur
1348 1610 1385 1648 ex

214 1682 296 1747 parta
315 1676 477 1730 voluntatis
497 1677 617 1741 divinae,
640 1678 669 1730 in
689 1693 749 1745 qua
769 1692 870 1731 revera
889 1678 963 1729 nibil
987 1678 1136 1745 estprius‚
1152 1677 1384 1745 acepsemas,

213 1758 322 1811 sodex
342 1762 423 1825 parte.
444 1758 485 1811 rei
504 1758 614 1819 velitne,
635 1773 702 1826 qum
722 1762 818 1825 potest
836 1757 1025 1824 considerari,
1045 1757 1092 1811 vel
1114 1757 1277 1811 secundum
1303 1772 1334 1809 se.
1359 1762 1388 1809 et

213 1842 361 1907 quatenus
380 1838 551 1906 prascindit
569 1840 607 1891 ab
628 1838 765 1892 omnibus
785 1838 1025 1901 circumstantiis,
1046 1838 1092 1890 vel
1119 1837 1282 1889 secundum
1310 1835 1389 1905 ‹luod

214 1918 303 1971 habet
322 1918 478 1985 adjunctas
497 1918 744 1972 circumstantias.
758 1917 834 1971 Cum
847 1922 946 1971 eutem
960 1918 1155 1971 consideratio
1170 1918 1209 1970 rei
1223 1916 1388 1970 seeundum

211 2014 245 2051 se
279 1998 396 2052 dicentur
415 1999 494 2067 prior
518 1998 753 2052 consideratione
783 2000 823 2050 rei
852 1998 1016 2051 secundum
1044 2014 1113 2051 suas
1141 1997 1389 2064 circumstantias,

215 2078 324 2131 idcireo
343 2078 446 2131 divina
467 2078 609 2132 Voluntas
629 2082 776 2145 quatenus
796 2079 972 2132 terminatur
995 2078 1031 2129 ad
1057 2093 1102 2131 res
1127 2077 1326 2130 conside-ratus
1345 2092 1389 2130 sc-

215 2158 347 2211 cundum
366 2173 408 2224 se,
429 2158 538 2212 dicitur
556 2158 745 2221 Areteceelens·
764 2164 911 2225 quatenus
930 2173 1000 2209 vero
1019 2158 1194 2211 tervninatur
1207 2157 1244 2210 ad
1259 2174 1303 2209 res
1317 2172 1389 2225 qua·

215 2244 301 2293 tenus
321 2238 431 2290 linirent
458 2238 614 2303 adjunctas
642 2253 711 2290 suas
739 2238 991 2305 circumstantias,
1017 2238 1125 2291 dicitur
1153 2238 1290 2291 voluntas
1319 2240 1392 2289 (bre--

213 2333 344 2385 sepinas.
360 2348 394 2355 -
408 2317 520 2370 Rursus
534 2317 672 2370 voluntas
686 2317 862 2385 beneplaciti
878 2317 1078 2370 subdividitur
1091 2318 1122 2369 in
1145 2318 1290 2385 Efficere-ene
1312 2320 1341 2369 et
1359 2317 1389 2369 in

215 2396 402 2463 inefficacem.
424 2397 569 2450 Voluntas
588 2396 692 2450 (efficax
706 2397 758 2449 illa
772 2398 950 2463 nominatur,
966 2413 1031 2466 qua·
1045 2412 1161 2465 semper
1173 2397 1308 2450 (eflectum
1323 2412 1391 2449 ‹ixc-

214 2477 318 2544 quitur
336 2484 366 2529 ot
385 2478 472 2529 tinem
492 2477 639 2530 intentum
659 2477 791 2531 obtinet:
812 2476 953 2530 Ineflicax
979 2492 1047 2530 vero
1074 2492 1139 2545 qua
1168 2492 1223 2529 nec
1252 2476 1389 2530 (euentum

215 2555 341 2608 volitum
361 2556 459 2619 lrabet,
481 2572 535 2609 uec
555 2557 701 2610 intentum
721 2556 809 2609 finem
830 2558 1006 2625 assequitur.
1029 2556 1078 2610 Sic·
1097 2557 1235 2609 voluntas
1254 2556 1391 2609 salvandi

215 2650 317 2689 oannes
337 2636 480 2702 homines,
502 2641 547 2690 est
564 2636 668 2691 eilieax
688 2652 724 2689 ex
745 2642 826 2706 pane
848 2636 1135 2704 l'radestirratorurn,
1150 2642 1179 2690 et
1199 2636 1335 2689 inetiicax
1353 2651 1390 2690 ex

215 2722 298 2786 parte.
308 2717 518 2786 lieproborum.
530 2749 564 2756 —
578 2719 702 2786 leeseepei·
711 2718 850 2772 voluutas
860 2717 1037 2785 beneplaciti
1049 2718 1106 2770 alia
1117 2725 1161 2771 est
1172 2719 1319 2780 ¹ibsolnta,
1332 2717 1391 2770 alia

218 2795 431 2850 Conditionata.
455 2797 537 2850 Prior
554 2803 690 2851 versatur
717 2798 794 2850 circa
823 2797 972 2863 objectum
997 2798 1061 2850 sine
1088 2797 1289 2866 suppositione
1309 2797 1390 2850 iilius

214 2877 404 2944 conditionum
424 2879 467 2931 sic
488 2879 568 2932 licus
587 2878 721 2931 absolute
739 2877 806 2930 v'rrlt
825 2881 1045 2944 perseverantes
1065 2878 1095 2929 in
1115 2878 1212 2946 gratia
1231 2876 1311 2928 tinali
1341 2877 1390 2929 do·

216 2959 278 3010 uari
298 2957 394 3026 glnria
413 2963 531 3012 :elenen
554 2957 761 3012 Conditionatn
781 2973 849 3010 vero
869 2957 1007 3010 voluntas
1026 2958 1119 3010 tertur
1138 2958 1167 3009 in
1188 2957 1387 3022 existentiam,

215 3041 268 3089 aut
286 3052 346 3089 nou
365 3039 553 3091 existentiam
579 3037 684 3104 objecti
710 3052 747 3089 ex
770 3037 971 3105 suppositione
991 3036 1118 3102 alicujus
1138 3036 1325 3096 conditionis:
1346 3037 1389 3089 sic

216 3115 298 3169 Deus
317 3116 383 3170 vult
402 3133 503 3169 orarios
523 3118 656 3170 homines
674 3114 773 3170 salvos
793 3116 865 3182 lieri,
886 3132 922 3169 ex
943 3116 1096 3184 hypothesi
1117 3117 1196 3184 (ruod
1222 3117 1275 3186 ipsi
1297 3116 1391 3170 velint

215 3197 300 3250 etad
320 3197 446 3250 salutern
466 3197 680 3264 assequendam
700 3197 834 3250 ordinata
856 3195 951 3249 inedia
971 3210 1102 3265 congrua
1121 3204 1274 3264 usurpent.

277 3277 415 3330 l'oiantas
434 3273 518 3345 Signi
545 3277 634 3329 etiam
661 3277 770 3330 dieitur
789 3276 962 3344 multiplex,
983 3275 1034 3328 sed
1060 3276 1187 3329 rrraxirne
1212 3276 1390 3344 quintuplex

215 3357 379 3411 secundum
399 3357 516 3410 diversa
535 3357 668 3425 quinque
687 3357 783 3426 signa,
806 3357 952 3410 intumum
977 3355 1030 3408 Dei
1057 3356 1239 3410 voluntatem
1268 3357 1390 3408 irrarrile-

214 3438 334 3503 stantia,
355 3453 421 3506 (pum
449 3441 529 3490 scint:
549 3437 717 3506 preceptio,
738 3437 906 3505 prohibitio.
927 3436 1095 3500 eonsilium,
1119 3437 1270 3504 permissio
1289 3441 1319 3489 et
1337 3437 1391 3489 ivn·

215 3517 314 3586 plotio.
336 3534 389 3571 sou
407 3518 547 3588 operatio,
567 3517 752 3586 quaomnia
772 3517 826 3568 boe
845 3516 992 3570 versiculo
1011 3517 1207 3584 explicantur.

412 3676 546 3744 I'eeueipit
565 3679 590 3727 et
607 3675 747 3744 punine,
769 3675 919 3742 peremerit,
940 3676 1075 3742 consedit,
1098 3675 1208 3743 implet:

269 3834 367 3900 Hujus
395 3833 549 3886 divisionis
578 3835 794 3904 congruitatem
814 3835 947 3904 assignat
974 3833 1004 3888 S.
1028 3835 1235 3888 Borrnvcntura
1255 3836 1285 3887 in
1307 3833 1392 3888 Com-

215 3914 324 3984 pendio
343 3912 523 3982 Theologico
542 3913 590 3968 lib.
606 3915 631 3968 2.
647 3931 711 3983 cap.
725 3914 770 3967 32.
794 3915 838 3967 bis
858 3916 965 3968 verbis:
993 3915 1132 3968 l’olendns
1154 3913 1256 3966 dieina
1275 3916 1394 3984 surripi-ie

213 3994 435 4063 deprendendi
451 3995 719 4061 praecucurrerat
738 3993 908 4061 salinorum
930 3997 979 4050 est.
1002 3995 1034 4044 Si
1050 3996 1175 4062 respecta
1189 3995 1391 4062 praesentium,

214 4077 268 4128 aed
287 4074 372 4127 idest
390 4075 603 4130 intervenerint?
621 4077 661 4126 est
680 4073 827 4142 Impletio.
843 4079 894 4126 aed
915 4077 1039 4138 ceredam,
1060 4077 1085 4126 et
1098 4074 1139 4126 sie
1163 4076 1203 4124 ent
1225 4075 1392 4130 Pennis-rio.

214 4155 248 4208 Se·
268 4155 395 4222 respecta
413 4152 596 4220 sie-tenorum,
615 4153 657 4205 sie
674 4156 716 4206 est
735 4154 854 4222 triplae:
873 4157 925 4206 aed
946 4157 1068 4218 arcelane,
1099 4157 1124 4205 et
1142 4154 1184 4206 sic
1202 4157 1243 4206 est
1261 4153 1395 4209 Prohibi-

215 4236 267 4298 tie,
286 4237 339 4287 aed
357 4235 464 4286 laneam
486 4233 688 4288 trecentenario.
715 4237 741 4285 et
765 4233 807 4286 sie
836 4237 876 4284 est
896 4234 1067 4302 erumpam
1087 4237 1139 4286 ard
1163 4235 1269 4286 inaraba
1293 4251 1395 4304 serpae·

214 4313 397 4382 recreationis,
411 4313 490 4366 etsie
507 4316 548 4364 est
568 4312 742 4367 Corrsilivun.
758 4345 793 4351 -
807 4311 933 4366 sanetus
947 4313 1076 4366 Thomas
1093 4321 1191 4367 autom
1207 4315 1299 4382 prima
1314 4323 1390 4384 part.

214 4410 266 4462 qu.
284 4397 326 4448 lu.
341 4399 394 4448 art.
412 4394 454 4446 12.
477 4393 565 4460 liuius
584 4393 739 4447 divisionis
758 4393 974 4462 congruarum
996 4393 1111 4462 colligit
1127 4394 1179 4447 boc
1194 4393 1393 4464 revocantque

216 4474 374 4527 tolientatis
385 4473 527 4526 clicantne
538 4489 571 4524 ea
583 4473 690 4542 ascribas
701 4473 903 4528 ‹orrsraeeinnes
913 4473 1111 4526 ‹terrenusteaa
1122 4489 1174 4526 reris
1184 4473 1302 4542 aliquid
1314 4475 1391 4528 reta.

215 4555 310 4606 Potest
328 4555 425 4606 aalma
445 4551 555 4620 alianis
573 4553 720 4606 ‹teclae-are.
738 4569 768 4606 se
786 4551 901 4621 aliquid
917 4553 993 4618 cela,
1011 4553 1052 4606 ed
1064 4569 1116 4620 per
1129 4551 1270 4620 seipsenn,
1288 4555 1329 4607 uel
1339 4569 1395 4622 per·

212 4632 320 4688 aliurn.
342 4633 399 4686 Per
415 4631 543 4700 seipsam
563 4633 682 4702 quidem
702 4631 733 4686 in
753 4633 900 4701 quaenam
919 4631 992 4699 finit
1011 4631 1137 4702 aliquid,
1154 4631 1322 4698 caldecote,
1349 4635 1394 4688 uel
