3067 5400
218 607 264 673 32
437 626 482 674 nn
505 626 667 675 seinana
694 628 866 676 srnpnrcrs
889 627 1182 676 inremotam.

221 747 253 800 in
272 749 365 817 sepsis
385 749 513 803 habeant
525 764 600 816 esse,
612 765 702 818 quam
715 751 753 803 ab
766 750 922 803 intellectu
935 750 1037 803 divino
1051 749 1270 819 intelligantur.
1287 749 1398 805 Secun-

219 828 437 897 dum‚quoliter
448 836 477 882 et
490 829 521 881 in
536 844 595 897 quo
605 829 727 882 divinus
740 829 911 884 intellectus
925 845 971 883 res
984 830 1052 882 illas
1066 829 1221 897 possibiles
1234 832 1387 900 percipiat.

644 978 865 1056 QUAESTIO
900 979 1061 1047 PRIMA.

238 1093 292 1148 AN
313 1092 384 1147 RES
402 1092 626 1147 POSSIBILES
646 1094 700 1147 EX
718 1092 765 1148 SE
785 1092 901 1149 PRIUS
921 1092 1011 1149 SINT
1032 1093 1369 1161 INTELLIGIBILES,

323 1173 435 1237 QUAM
453 1174 505 1227 AB
524 1172 781 1229 INTELLECTU
800 1173 938 1228 DIVINO
960 1171 1283 1229 COGNOSCANTUR.

269 1306 450 1362 Noraunear
470 1309 494 1360 l.
516 1306 666 1370 Quantum
686 1306 723 1359 ad
742 1308 896 1375 praeeentis
917 1305 1095 1369 Quaestiouis
1109 1307 1330 1375 resolutionem,
1346 1312 1396 1363 tri-

215 1387 286 1455 plex
310 1392 511 1441 ereaturarum
529 1402 589 1439 rore
615 1401 702 1455 posse
730 1386 887 1456 distingui:
909 1386 1043 1439 Primum
1071 1386 1191 1454 quidem
1219 1387 1347 1441 l'r'riaole
1366 1395 1397 1442 et

215 1466 416 1533 eminentiolc,
436 1466 515 1534 quod
535 1466 645 1519 habent
665 1467 695 1519 iu
721 1465 858 1519 Essentia
887 1471 916 1520 et
944 1464 1166 1534 Oarrripotentia
1194 1466 1306 1535 divina,
1327 1484 1394 1536 qua·

215 1550 311 1615 potest
324 1562 373 1599 eae
388 1550 598 1615 representare
610 1550 640 1599 et
652 1546 825 1614 producere.
838 1544 1010 1599 Secundum
1024 1560 1089 1599 esse
1102 1546 1256 1614 cognitura
1270 1552 1300 1600 et
1316 1549 1395 1613 ‹loja-

214 1625 334 1681 cir'rann,
356 1626 435 1694 qaod
456 1626 565 1679 habent
583 1627 615 1678 in
635 1625 795 1679 Intellectu
814 1626 917 1679 divino
937 1640 982 1679 ree
996 1640 1098 1677 omues
1112 1626 1149 1676 ab
1162 1630 1271 1679 :eterno
1287 1642 1395 1695 cogno-

214 1712 325 1759 scente.
347 1704 480 1759 Tertium
502 1706 632 1774 denique
651 1705 860 1769 Ertliiolr'earn,
883 1707 962 1774 quod
990 1705 1101 1759 lrabeat
1130 1706 1158 1757 in
1188 1707 1293 1774 seipsis
1323 1707 1395 1761 dura

213 1800 284 1838 vere
303 1792 332 1839 et
352 1785 469 1839 realiter
486 1786 628 1839 existunt.
650 1785 707 1839 Hic
726 1801 787 1838 non
807 1792 852 1840 est
872 1800 968 1840 serino
987 1785 1023 1838 de
1037 1801 1102 1838 esse
1115 1786 1281 1853 entitotivo‚
1298 1802 1394 1856 neque

213 1866 304 1919 etiarn
323 1866 443 1920 deesse
462 1866 584 1919 virtuali
602 1874 632 1919 et
650 1866 847 1925 eruinontiali.
869 1866 948 1934 quod
968 1880 1027 1918 non
1046 1870 1091 1918 est
1111 1866 1261 1933 propriurn
1281 1872 1311 1920 et
1339 1870 1393 1919 lor·

215 1944 292 1997 mele
310 1960 374 1999 esee
392 1949 604 2011 ereaturarum,
625 1945 678 1998 sed
696 1952 742 1998 est
760 1945 920 2012 ipsummet
938 1960 1002 1997 esse
1021 1944 1168 2007 divinata,
1195 1960 1248 1997 seu
1268 1945 1394 2013 ipsomet

213 2024 314 2077 divina
335 2024 480 2089 assentio,
501 2032 650 2093 quatenus
668 2025 811 2077 uiurirnrn
839 2030 884 2079 est
912 2026 1041 2093 priraurn
1072 2034 1393 2093 crrs‚c.‘1·tcrorurnque

214 2105 328 2157 entium
347 2105 537 2173 principium.
558 2102 646 2157 Unde
664 2105 743 2158 sicut
761 2119 826 2157 esse
845 2105 952 2157 caloris
971 2105 1002 2156 in
1028 2101 1105 2159 Sole.
1127 2103 1201 2155 nihil
1223 2112 1269 2157 cst
1296 2105 1389 2172 aliud,

214 2199 303 2253 quern
325 2187 421 2253 ipsrnu
439 2200 504 2238 esse
523 2182 610 2250 Solis,
624 2187 659 2237 ut
679 2185 805 2253 potentis
820 2184 981 2253 producere
994 2184 1132 2248 calorem,
1148 2183 1188 2237 ita
1203 2185 1312 2251 pariter
1328 2200 1392 2238 esse

211 2264 340 2318 virtuale
359 2276 560 2319 ereaturarum
582 2265 611 2317 in
631 2264 694 2317 Deo
713 2279 772 2317 non
792 2272 837 2317 est
856 2264 1029 2317 distinctum
1049 2263 1086 2315 alr
1112 2279 1177 2316 ease
1202 2263 1316 2327 (livino,
1338 2265 1390 2319 scd

213 2348 259 2397 eet
277 2345 402 2411 ipsamet
420 2345 523 2397 diviua
536 2345 641 2410 virtus,
657 2360 716 2413 quo
729 2344 811 2397 Dens
824 2350 974 2398 creaturas
988 2343 1147 2411 producere
1162 2348 1266 2410 potest.
1288 2343 1392 2397 solum

214 2424 315 2492 itaque
335 2425 381 2476 hie
401 2429 446 2477 est
464 2440 559 2478 serino
578 2426 614 2477 de
633 2440 697 2478 esse
726 2425 856 2493 cognito,
878 2424 956 2492 quod
987 2425 1095 2476 habeut
1117 2423 1147 2475 in
1168 2422 1328 2477 intellectu
1351 2425 1392 2477 di-

213 2502 294 2555 vino.
315 2504 533 2555 rldceriernlant
552 2512 597 2556 est
615 2509 714 2555 autern
735 2505 789 2556 lroc
808 2518 867 2555 erec
886 2503 1033 2570 rrpprilara.
1056 2501 1214 2569 dupliciter
1240 2504 1388 2572 usurpari.

215 2580 314 2634 Prinro
333 2582 453 2650 quidenr
473 2597 525 2651 pro
545 2583 606 2651 ipsa
627 2582 729 2635 divino
749 2583 929 2651 cognitione,
950 2598 1009 2651 quo
1029 2581 1109 2634 Deus
1132 2590 1282 2635 creaturos
1302 2585 1392 2651 possi·

147 2678 160 2693 ·
213 2661 290 2716 biles
308 2663 469 2732 comroscit.
491 2660 628 2716 Secundo
647 2678 717 2717 vero
730 2678 783 2732 pro
797 2662 847 2715 illa
863 2663 1102 2717 denominatione
1115 2663 1283 2717 extrinseca
1297 2663 1391 2718 veluti

214 2742 376 2797 resultante
396 2743 425 2796 in
446 2744 588 2797 creaturis
608 2759 644 2796 ex
675 2742 852 2796 haediliae
883 2744 1053 2812 cognitione
1077 2748 1106 2795 et
1131 2758 1149 2795 a
1171 2757 1230 2810 quo
1249 2749 1392 2797 creaturae

213 2823 443 2876 denominantur
461 2823 599 2892 cognite,
619 2824 697 2876 sicut
715 2823 812 2891 paries
832 2840 849 2875 a
863 2824 976 2875 visione
990 2823 1099 2874 <licitur
1113 2823 1203 2875 visne.
1220 2821 1276 2875 Hie
1290 2829 1393 2877 autern

212 2917 274 2954 uon
293 2903 443 2971 loquimur
461 2903 498 2956 de
516 2904 604 2970 priori
625 2918 690 2956 esee
708 2904 838 2972 cognito.
861 2900 980 2956 Certum
1001 2907 1045 2955 est
1061 2902 1139 2954 enirn
1156 2901 1229 2954 illud
1245 2917 1309 2956 esse
1323 2918 1395 2956 vero

214 2983 301 3038 reale.
323 2998 357 3034 eo
376 2982 455 3050 qnod
474 2983 512 3034 sit
532 2984 656 3050 ipsamet
675 2981 779 3035 divina
798 2982 938 3051 cognitio,
959 2982 991 3033 ia
1010 2996 1069 3048 qua
1088 2988 1230 3034 cantune
1259 2997 1391 3050 compre-

214 3061 394 3114 henduntur.
416 3061 479 3124 Quo
498 3065 583 3115 litut
602 3062 740 3114 <licuntur
758 3063 894 3115 viventes
916 3063 945 3113 in
964 3060 1069 3126 Verbo,
1087 3061 1175 3126 juxto
1202 3061 1275 3113 illud
1300 3061 1389 3114 Joan·

213 3141 270 3194 nis:
293 3143 375 3201 Quod
393 3141 507 3208 saciant
526 3143 583 3198 ase·
598 3140 628 3193 r'n
650 3142 712 3210 ipso
733 3141 790 3194 eila
804 3144 875 3204 rrrri,
888 3141 965 3207 lito,
982 3141 1079 3208 inquit
1091 3140 1290 3209 AugustinuS,
1312 3157 1390 3194 erea-

213 3221 282 3288 trix,
303 3222 375 3288 quio
393 3221 523 3289 cognitio
541 3220 598 3274 Dei
617 3227 662 3274 est
681 3222 800 3275 realiter
819 3222 880 3275 vita
899 3221 1035 3274 creatrix.
1051 3219 1154 3273 Solum
1169 3222 1268 3288 itaquo
1283 3222 1330 3274 hic
1345 3231 1390 3276 est

213 3317 309 3353 sermo
327 3301 364 3352 de
383 3315 447 3354 esse
466 3300 612 3368 obJectivo
632 3302 763 3354 seeundo
784 3302 868 3354 ruodo
887 3308 1038 3368 usurpato.

266 3381 446 3435 No'raxnrn
466 3381 491 3433 2.
515 3380 676 3449 Triplicenr
697 3382 842 3451 distingui
862 3396 948 3450 posse
973 3396 1068 3432 reruni
1099 3380 1322 3448 possibilitatem
1352 3398 1389 3434 ex

214 3461 338 3514 Doctorc
357 3459 466 3514 Subtili
485 3461 515 3513 in
537 3463 562 3514 1.
582 3461 651 3515 (list.
673 3463 698 3514 9.
720 3478 748 3530 q.
771 3461 795 3513 l.
817 3469 847 3515 et
866 3461 948 3524 alibi,
970 3461 1108 3512 nirnirura
1128 3460 1276 3526 logicam,
1300 3461 1390 3515 lieta-

212 3542 364 3610 physicam
384 3549 414 3594 et
433 3541 600 3608 I'lrysicarn.
622 3541 722 3593 Prima
741 3547 786 3593 est
811 3557 868 3592 non
885 3542 1081 3608 repugnantia
1098 3556 1192 3592 reruro
1208 3540 1245 3592 ad
1258 3542 1387 3594 existen-

212 3621 294 3688 durn,
306 3637 358 3672 seu
377 3627 411 3673 at
430 3621 561 3688 loquitur
574 3637 603 3673 n.
621 3621 675 3680 10..
692 3620 830 3672 Porreilrila
845 3620 981 3686 inplicam
998 3623 1038 3670 rai
1054 3621 1156 3672 alicuine
1175 3620 1390 3688 coropnr'ir'onia·

210 3699 347 3766 [inuenire
365 3702 401 3750 ab
420 3700 574 3762 irrlellerlra
591 3699 672 3751 r'llr'aa
690 3699 809 3766 ‹paaoa
829 3701 914 3764 cajar-
934 3699 1054 3751 loanni
1074 3717 1129 3751 non
1151 3700 1310 3752 ioraalaar
1323 3717 1388 3753 ron-

213 3779 424 3832 laalielioaern.
437 3776 575 3831 Secunda
586 3778 767 3846 possibilitas
777 3779 887 3832 dicitur
896 3781 933 3832 ab
943 3780 1046 3833 «colera
1058 3779 1182 3832 lloetore
1193 3780 1222 3831 in
1234 3779 1260 3831 ι).
1269 3780 1386 3833 diam.

211 3875 239 3928 q.
261 3861 286 3911 l.
309 3859 384 3912 illud
403 3873 466 3912 esse
485 3859 675 3926 objectivnur,
697 3874 756 3926 quo
777 3875 821 3912 roe
843 3859 952 3928 percipi
972 3865 1068 3927 potest
1089 3867 1118 3912 ot
1145 3874 1209 3911 esse
1237 3859 1388 3927 objectura

211 3939 350 4007 potentia
369 3939 584 4006 cognoscentis.
605 3937 707 3992 Tertia
725 3939 855 4007 denique
874 3945 918 3993 est
939 3939 1013 3992 illud
1032 3954 1097 3992 csse
1119 3942 1331 3996 creaturarum.
1347 3940 1389 3992 di-

211 4033 282 4071 ccue
303 4023 465 4087 respectum
486 4018 523 4070 ad
543 4016 793 4086 Ornnipotentiorn
804 4018 946 4086 divinam,
962 4033 1048 4086 aqua
1058 4023 1182 4087 possunt
1194 4018 1327 4086 produci.
1344 4019 1389 4072 De

211 4098 275 4150 oola
293 4097 487 4167 possibilitate
508 4097 709 4166 lletaphpsica
729 4103 864 4152 nrovctur
883 4114 1012 4167 praeseus
1031 4098 1164 4166 quaetio,
1179 4112 1239 4150 non
1259 4113 1329 4151 vero
1351 4100 1388 4152 de

211 4179 335 4232 cacteris.

264 4258 443 4314 No'raxnnu
463 4259 489 4310 3.
512 4257 556 4310 Ex
575 4258 677 4310 eodem
698 4259 823 4312 Doctore
844 4259 874 4310 in
895 4261 920 4311 1.
941 4257 1009 4310 dist.
1031 4257 1074 4311 43.
1088 4259 1189 4326 aperturi.
1203 4257 1300 4318 arra-a,
1316 4275 1345 4311 a.
1360 4257 1386 4312 ἴ).

212 4339 241 4390 in
262 4338 427 4408 detegenda
446 4352 545 4392 remur
564 4337 761 4407 poneibilitate
779 4338 924 4407 distingui
939 4353 1023 4405 posse
1036 4337 1093 4391 tria
1105 4341 1219 4390 uaturre
1232 4336 1388 4405 instantio,

209 4417 387 4487 inquorum
406 4417 501 4486 primo
520 4417 642 4471 divinus
661 4417 831 4471 intellectus.
851 4417 988 4486 producit
1006 4425 1155 4470 creaturas
1171 4417 1279 4470 inesse
1302 4417 1390 4471 intel·

210 4497 319 4568 ligiblli
337 4502 367 4552 et
384 4497 540 4566 objectivo,
552 4513 602 4552 eae
614 4498 730 4552 scilieet
743 4497 939 4566 concipiendo
951 4495 1116 4550 secundum
1129 4496 1206 4551 illud
1218 4511 1293 4564 esee,
1307 4497 1389 4566 quod

211 4577 329 4632 realiter
346 4577 454 4632 habere
471 4582 606 4648 possunt,
625 4579 652 4632 el
671 4577 882 4648 producantur.
903 4575 938 4630 In
959 4575 1090 4630 secundo
1108 4581 1244 4632 creetura
1271 4577 1390 4646 concipi

209 4661 308 4728 potest
326 4657 435 4712 hebere
452 4671 518 4712 eree
536 4657 679 4728 possibile
698 4657 813 4728 seipsa:
830 4655 914 4722 eria,
929 4655 1028 4726 lnquit
1038 4655 1159 4724 nector,
1171 4655 1267 4725 reipsa
1279 4655 1392 4724 sonna-
