3067 5400
170 530 240 597 236
473 549 516 596 oe
540 548 702 597 eeasosa
726 548 886 597 seranus
916 546 1054 595 saecri.

173 687 291 725 sternatur
309 670 437 739 Spiritui
455 669 556 727 elicere.
578 687 670 739 qrarrn
688 670 775 739 qrtcrsr'
794 669 945 738 enyibrnde
964 669 1073 723 intueri
1080 688 1089 722 :
1110 684 1183 739 erge
1205 670 1299 725 Pater
1320 672 1362 725 iu·

175 756 276 805 tuetur
294 751 399 817 Verbo,
421 750 553 818 adeoque
573 750 661 804 etiam
681 750 759 818 sapit
778 749 882 803 Verbo.
897 750 1119 817 -Dietinguit
1131 752 1289 803 minorem
1305 751 1362 804 Do·

174 836 238 885 ctor
250 848 279 884 n.
297 832 352 884 10.:
364 830 395 883 Si
410 830 508 883 dicere
527 831 690 899 accipiatur
708 830 907 884 essentialiter
925 836 1073 897 quatenus
1092 830 1171 883 idem
1191 831 1360 901 signifieat.

174 927 210 965 ae
229 911 407 979 intelligere,
427 911 472 964 uti
491 911 600 978 accipit
619 908 648 963 S.
670 910 841 977 Anselmus‚
862 910 1014 963 concedit:
1035 910 1060 962 si
1079 916 1246 979 usurpetur
1267 913 1363 965 notio·

175 991 293 1058 naliter:
313 997 343 1045 et
361 996 509 1059 quatenus
529 990 606 1043 idem
626 990 821 1058 importatae
841 990 1003 1057 producere
1022 988 1167 1051 Verbum.
1189 1004 1287 1060 negat
1308 992 1363 1045 :rri-

175 1086 285 1133 uoeem,
306 1072 445 1125 similitor
463 1078 493 1124 et
510 1070 754 1139 consequentiam.
771 1076 804 1123 ut
817 1070 860 1123 sic
874 1070 954 1122 enim
979 1070 1069 1123 dictio
1094 1071 1131 1122 ab
1150 1070 1364 1127 intellectione

174 1152 326 1205 essentiali
346 1151 550 1219 distinguitur.
573 1149 678 1218 Itaque
697 1154 821 1203 eatenus
841 1155 956 1203 tantum
978 1149 1064 1203 l’ater
1076 1150 1150 1203 dicit
1163 1149 1275 1217 Verbo,
1288 1168 1363 1221 que-

175 1237 262 1285 tenus
281 1246 388 1300 nempe
406 1237 451 1284 est
470 1230 650 1299 principium
670 1229 769 1295 l'erbi,
784 1229 862 1297 qued
882 1244 918 1281 ex
938 1244 992 1282 sua
1008 1230 1120 1283 ratione
1133 1234 1178 1284 est
1193 1232 1364 1285 tormaliter

174 1312 400 1375 declarativum,
420 1318 450 1365 ct
468 1310 674 1379 expressivum
702 1309 800 1363 omnis
827 1309 1026 1375 declarabilis,
1047 1316 1076 1363 ot
1104 1310 1361 1373 manitestabilis:

175 1392 278 1459 sicque
298 1392 385 1445 Pater
404 1395 520 1445 tantum
540 1396 584 1443 est
603 1405 693 1443 causa
712 1390 820 1451 activa,
837 1405 894 1442 non
916 1404 985 1441 vero
999 1390 1130 1443 termulis
1143 1390 1228 1445 illius
1254 1408 1363 1461 reprae·

170 1471 359 1533 sentationis,
380 1477 409 1525 ct
428 1471 641 1539 expressionis:
655 1486 715 1523 non
728 1484 815 1523 secus
829 1470 900 1522 acsi
917 1468 1020 1523 l‘ctrus
1034 1469 1162 1524 efficeret
1184 1472 1360 1540 speculum.

175 1551 207 1604 in
234 1566 293 1618 quo
321 1566 423 1603 omnes
451 1552 575 1619 species,
595 1560 625 1604 et
654 1564 751 1603 rerum
781 1549 927 1618 imagines
950 1550 1173 1618 exciperentur:
1196 1552 1361 1619 speculum

174 1631 255 1685 istud
273 1640 351 1684 esset
369 1630 489 1699 quidem
508 1646 599 1683 causa
618 1630 748 1682 formalis
769 1631 854 1683 istius
868 1630 1145 1697 repraesentationis,
1161 1630 1271 1685 Petrus
1286 1648 1360 1685 vere

174 1716 290 1765 tanturn
310 1726 400 1764 causa
418 1710 562 1765 effectiva.
583 1710 662 1762 ilinc.
681 1716 735 1777 est,
756 1709 836 1777 quod
850 1710 988 1777 quamvis
1005 1710 1090 1763 l’ater
1103 1710 1158 1763 hoe
1173 1711 1262 1763 medo
1277 1711 1361 1766 dieat

174 1790 283 1851 l'erb0,
306 1798 482 1845 nontamen
502 1792 561 1844 diei
581 1796 677 1859 potest
695 1806 798 1857 sapere
817 1790 922 1849 Verbo,
935 1790 1005 1857 quia
1025 1805 1129 1858 sapere.
1150 1791 1303 1859 accipitur
1316 1808 1361 1847 es·

174 1871 348 1929 sentialiter.
370 1887 429 1923 non
449 1886 518 1923 vero
537 1871 735 1924 notionaliter.

231 1950 329 2003 Dices
348 1951 375 2003 ⁸2:
397 1951 518 2005 l‘atetur
537 1951 646 2005 Ductor
666 1951 773 2003 ibidem
794 1967 822 2019 q.
845 1952 869 2003 1.
886 1966 915 2003 n.
932 1949 956 2003 7.
972 1950 1051 2017 quod
1073 1950 1158 2004 l'ater
1176 1950 1303 2005 (lirinus
1319 1970 1360 2005 re·

95 2036 101 2043 “
175 2037 223 2085 cte
241 2031 357 2085 dicatur
376 2032 501 2100 diligere
519 2047 550 2084 sc
570 2029 681 2099 Spiritu
695 2030 738 2083 S:
749 2046 819 2099 ergo
832 2046 850 2083 a
868 2031 930 2099 pari
945 2031 1032 2084 etiam
1054 2046 1112 2083 nen
1132 2031 1302 2100 incongrue
1317 2034 1360 2086 di-

172 2112 263 2169 citur.
284 2112 363 2179 qrrrrd
382 2113 422 2165 sit
440 2111 565 2180 Sapiens
585 2110 737 2179 Sapientia
749 2113 860 2179 giunta.
880 2111 1021 2163 Probatur
1040 2111 1172 2179 sequela:
1188 2112 1254 2165 ideo
1269 2112 1362 2167 Pater

175 2192 287 2245 dicitur
306 2191 430 2261 diligere
450 2208 481 2244 se
500 2190 612 2260 Spiritu
633 2190 662 2244 S.
684 2192 754 2259 quia
774 2191 910 2259 producit
929 2189 1072 2259 Spiritum
1093 2190 1121 2244 S.
1138 2192 1189 2259 qui
1209 2202 1256 2246 est·
1275 2210 1361 2245 atrior

177 2272 275 2325 Patris
294 2288 347 2340 per
364 2272 648 2340 appropriationem:
669 2270 721 2323 sed
740 2272 829 2324 etiam
852 2270 987 2339 producit
1006 2270 1146 2338 Verbum,
1158 2273 1238 2339 quod
1253 2288 1361 2341 appre

179 2353 274 2421 priate
302 2352 412 2405 dicitur
439 2350 592 2419 Sapientia
617 2351 732 2403 Patris:
752 2366 823 2419 ergo
842 2358 897 2403 etc.
919 2381 954 2389 —
973 2352 1062 2417 Nego
1081 2353 1248 2415 sequelam.
1270 2354 1360 2408 etad

179 2432 246 2499 ejus
265 2433 468 2500 probationem
489 2432 555 2484 dico
575 2432 629 2483 lroc
650 2445 714 2484 esse
732 2430 890 2483 discrimen
912 2432 989 2483 inter
1006 2430 1133 2497 ‹lilino-e.
1155 2438 1184 2485 et
1202 2449 1307 2500 sulm-e·
1330 2436 1358 2486 in

178 2512 300 2570 divinis,
321 2512 400 2579 quod
428 2510 546 2577 ‹lib'yem
574 2516 671 2579 potest
698 2510 793 2578 accipi
820 2511 1016 2578 penetraliter,
1037 2518 1184 2579 quatenus
1204 2513 1360 2580 significat

178 2592 402 2659 productionem
422 2588 551 2658 Spiritus
570 2588 600 2643 S.
621 2591 672 2658 qui
693 2590 803 2644 dicitur
820 2606 902 2643 amer
921 2591 1090 2658 productus.
1103 2606 1160 2658 qua
1183 2594 1298 2645 mtiene
1315 2594 1360 2647 di-

180 2672 272 2742 ligere.
292 2672 365 2725 nibil
387 2672 468 2725 aliud
488 2680 542 2730 est.
558 2686 645 2740 (tuam
660 2672 771 2740 spirare
785 2686 912 2723 amorem
927 2670 1119 2740 produc-tum:
1134 2687 1235 2740 seper-e
1255 2682 1359 2728 autem

178 2769 238 2806 non
259 2753 412 2807 ordinatur
431 2753 468 2805 ad
488 2752 715 2822 significandam
735 2751 958 2820 productionem
978 2749 1147 2819 Sapientis.
1165 2753 1216 2804 sed
1237 2761 1359 2808 tanturn

177 2833 397 2902 attinge-atium,
418 2821 448 2886 ot
467 2834 685 2901 perceptionem
705 2831 822 2898 obiecti,
844 2833 963 2898 quotie,
984 2841 1018 2884 ut
1047 2836 1161 2884 tantum
1189 2834 1361 2901 accipiatur

176 2914 376 2967 essentialiter
389 2929 440 2982 pro
454 2921 513 2967 tota
527 2912 739 2972 intellectione,
751 2926 810 2963 non
831 2918 928 2965 autem
943 2911 1131 2964 notionaliter
1151 2927 1202 2979 pre
1222 2913 1358 2968 dictione

177 2994 352 3062 productiva
373 2994 460 3057 verbi
481 2993 593 3059 (lirini,
613 2993 746 3059 adeoque
767 2992 843 3044 inter
862 2996 1021 3059 utrumque
1042 3007 1099 3043 nrm
1120 2997 1162 3044 est
1183 2994 1306 3060 paritas.

462 3126 791 3199 ARTIOULUS
822 3127 1077 3201 illimes.

394 3258 451 3310 nl:
477 3255 688 3309 earrsexn
713 3254 932 3309 sentires
958 3256 1137 3310 sineri.

231 3391 379 3444 Tarrrrxu
401 3392 430 3442 iu
451 3390 553 3443 divina
567 3389 713 3442 Trinitate
727 3389 886 3443 Personam
901 3389 1044 3457 Spiritum
1059 3393 1193 3443 smutum
1210 3394 1357 3460 peculiari

176 3472 321 3525 vocabulo
352 3471 498 3523 nominari
526 3470 664 3522 omnilrus
696 3469 846 3521 l'iclelibus
875 3469 952 3521 ultro
980 3476 1162 3537 compertum
1192 3483 1251 3538 est:
1275 3475 1356 3526 Lice!

175 3551 264 3608 etrite.
287 3551 384 3618 iniquit
403 3548 432 3603 S.
454 3549 555 3602 Ambr.
577 3549 608 3601 in
628 3547 769 3616 Symbola
788 3563 813 3601 e..
832 3550 868 3606 l..
887 3549 1027 3600 Intersit
1047 3549 1186 3618 Spiritus.
1208 3555 1234 3602 et
1257 3553 1354 3606 Filias

175 3631 217 3684 sit
232 3631 372 3699 Spiritus,
392 3633 420 3680 et
440 3631 526 3681 Pater
552 3629 591 3680 sit
619 3629 915 3692 sonorantium
942 3629 981 3680 sit
1008 3633 1137 3690 salmias,
1158 3633 1219 3682 sele
1245 3635 1351 3686 turrem

176 3712 259 3764 tertia
283 3713 406 3763 Persona
425 3709 556 3778 Spiritus
574 3711 694 3761 saueius
714 3710 915 3776 internuntiae.
938 3709 1030 3776 Cujus
1056 3711 1264 3778 appellationis¹
1290 3729 1354 3782 pre-

176 3793 329 3861 prietatem
358 3790 472 3858 colligit
500 3789 530 3844 S.
559 3789 678 3841 llicren.
706 3790 735 3840 in
765 3791 786 3841 i.
813 3804 876 3857 cap.
899 3789 935 3841 ad
964 3791 1086 3841 b'nletes
1109 3805 1145 3842 ex
1167 3791 1214 3844 l's.
1236 3793 1279 3845 bb.
1303 3795 1353 3847 ubi

176 3872 292 3926 Psnltes
310 3871 421 3939 Regius
440 3876 498 3923 tres
518 3870 635 3922 divinas
663 3868 809 3921 Personas
838 3867 964 3937 Spiritus
990 3870 1157 3934 nominans,
1185 3873 1279 3926 tribus
1304 3889 1354 3928 eas

176 3951 376 4022 peculiaribus
404 3950 499 4003 titulis
525 3950 680 4017 designat,
709 3949 820 4002 etcmim
848 3949 943 4016 inquit
969 3949 1019 4000 ille.
1046 3948 1074 4002 S.
1101 3949 1218 4006 lloctar.
1241 3953 1353 4007 I’n'aei-

173 4033 273 4102 pelea
291 4030 438 4099 Spirr'tmu-
458 4031 574 4082 Itrtrem
589 4030 729 4096 appellet,
744 4028 814 4096 qrrr'e
833 4028 927 4080 Filias
940 4044 976 4080 et·
991 4030 1005 4080 I
1010 4031 1085 4094 titre,
1100 4031 1126 4078 et
1147 4047 1202 4083 nou
1218 4049 1255 4082 eu·
1269 4033 1352 4098 Filio,

175 4112 320 4181 Spiritum
340 4113 438 4163 ‹mem
459 4115 571 4164 rectum
593 4109 720 4160 eere'tub's
742 4111 828 4177 etque
857 4108 985 4175 justitae.
1018 4109 1168 4162 Cluatium
1190 4111 1352 4167 Dominum

175 4193 331 4261 siptrifieut,
353 4191 423 4260 qrrin
446 4191 530 4242 l’nter
548 4205 632 4242 errrue
645 4189 796 4254 jiulier'unt
818 4188 897 4241 eam
919 4189 1003 4246 l'r'b'e.
1027 4192 1058 4241 ut
1076 4189 1175 4243 Darne
1193 4192 1253 4246 nit:
1274 4193 1354 4248 lleus

176 4272 330 4325 ‚Iudicium
349 4279 434 4324 tuutn
454 4270 526 4338 Regi
547 4268 594 4322 da.
619 4270 707 4321 Perre
726 4268 871 4336 Spiritum
892 4272 1029 4321 sentum
1054 4273 1153 4336 eperia
1174 4273 1290 4325 :corruite
1311 4291 1353 4326 re·

171 4355 231 4405 eet.
252 4351 292 4404 A:
311 4352 386 4403 banc
406 4349 634 4419 appellationem
654 4350 747 4403 terti:e
767 4349 877 4401 dirime
906 4347 1040 4401 Perseme
1069 4351 1213 4417 propriam
1244 4353 1354 4408 clarius

175 4431 266 4486 edicit
275 4445 385 4484 nevum
397 4429 632 4492 Testunentunr,
646 4430 676 4482 in
690 4443 749 4498 quo
763 4429 881 4497 quoties
894 4427 930 4480 de
944 4427 1055 4480 (lirinis
1067 4428 1202 4482 l'ersonis
1216 4447 1354 4501 expressa

177 4511 210 4565 tlt
228 4510 348 4574 mentio,
369 4509 454 4564 toties
482 4509 568 4563 tertia
593 4505 720 4576 Spiritus
739 4507 770 4562 S.
796 4507 978 4577 appellatur:
1007 4508 1049 4560 sic
1079 4507 1206 4562 llatthuei
1237 4513 1352 4584 ultimo,

178 4590 365 4660 Iteptizuutes
383 4605 428 4642 eas
447 4589 477 4640 in
499 4587 616 4642 :carruae
642 4589 750 4655 I'etris,
771 4590 797 4640 et
817 4587 895 4644 l'te't.
912 4589 937 4640 et
951 4586 1079 4655 Spiritus
1091 4589 1208 4656 scelecti:
1225 4595 1248 4645 l.
1264 4593 1351 4650 loen.
