3067 5400
178 568 224 631 5⁴5
559 584 603 632 oc
626 584 791 633 scissam
821 583 974 631 rrsrosrs.

176 708 214 761 ad
234 708 362 759 futurum
382 705 579 764 existentiam.
595 708 652 760 nisi
673 723 724 777 per
737 707 870 761 divinam
885 706 1079 760 voluntatem.
1092 737 1126 745 —
1139 706 1349 775 Carafirmulnn

177 790 319 841 creatura·-
347 786 526 839 considerari
544 794 668 854 possunt
686 788 717 840 in
738 788 848 856 triplici
867 790 957 852 statu,
979 786 1118 840 nimirum
1139 788 1352 856 possibilitatis,

177 866 360 921 interitionis
379 871 407 919 et
426 866 607 931 existentireg
628 868 658 921 in
678 868 788 937 quibus
810 867 936 921 statibus
967 867 1134 920 necessario
1162 884 1180 921 n
1199 868 1263 923 Deo
1282 873 1354 923 tam-

177 964 304 1017 quamn
323 947 416 1015 primo
435 938 585 1015 Principio
605 947 787 1017 dependent;
811 949 839 1001 in
858 950 938 1000 statu
958 947 1078 1015 quidem
1092 947 1353 1015 prrsaibr'lr'drtrsde·

178 1028 307 1097 pendent
325 1027 362 1080 ab
382 1026 535 1080 intellectu
554 1028 656 1080 divino
674 1044 724 1083 ees
744 1028 839 1095 primo
858 1026 1039 1095 producente
1065 1028 1095 1080 in
1121 1042 1186 1082 esso
1212 1029 1353 1097 intelligi-

179 1108 231 1160 bili
250 1113 279 1161 et
298 1106 442 1175 complete
461 1109 498 1160 ab
517 1108 731 1175 omnipotentia
749 1107 863 1167 divina.
885 1122 952 1174 quae
972 1112 1068 1176 potest
1090 1106 1158 1161 illas
1172 1109 1354 1177 producam

180 1186 213 1240 ln
232 1188 310 1239 sinin
330 1185 518 1251 introitionis
536 1186 705 1255 dependent
723 1202 742 1239 a
759 1186 862 1240 divino
876 1186 1002 1251 decreto,
1016 1186 1072 1239 Dei
1087 1188 1249 1256 potentiam
1262 1188 1355 1245 deter-

179 1268 311 1321 minante
330 1266 367 1319 nd
387 1266 594 1319 conterendam
616 1267 676 1321 illis
688 1268 877 1321 existentiam
893 1267 921 1319 in
936 1267 989 1320 tali
1003 1266 1199 1322 determinato
1213 1274 1353 1339 tempore:

176 1348 212 1401 ln
232 1354 312 1401 statu
330 1362 400 1399 vern
422 1345 601 1399 Enislcnlioe.
614 1348 782 1416 dependent
801 1348 838 1399 ab
857 1345 968 1399 actuali
989 1346 1104 1400 iniluxu
1123 1347 1179 1401 Dei
1201 1348 1269 1403 illas
1292 1366 1354 1419 pro·

177 1428 314 1481 ducentis
333 1434 363 1479 et
381 1426 584 1479 conversantis
604 1427 635 1480 in
654 1442 719 1481 esso
730 1445 737 1480 :
748 1443 820 1495 ergo
833 1428 911 1480 sicut
924 1433 1072 1496 repugnat
1085 1426 1200 1496 aliquid
1213 1444 1279 1485 esse
1292 1446 1355 1499 pos-

175 1507 263 1561 sibile
276 1506 508 1575 independenter
526 1505 563 1557 ab
583 1506 737 1560 intellectu
755 1512 786 1559 et
805 1505 1014 1575 potentissimi,
1030 1508 1199 1562 etexistens
1213 1508 1354 1579 indepen-

177 1588 281 1641 denter
299 1588 336 1639 ab
355 1585 464 1639 actuali
486 1586 541 1640 bei
560 1586 694 1640 iniluxu:
715 1587 755 1640 ita
781 1586 891 1654 pariter
910 1591 1056 1655 repugnat
1075 1586 1190 1656 aliquid
1222 1604 1288 1645 csse
1305 1590 1351 1645 xel

176 1666 292 1735 concipi
313 1668 444 1719 intnrum
469 1665 702 1734 independenter
723 1681 741 1718 a
762 1666 880 1719 decreto
905 1664 1016 1727 divino,
1037 1666 1101 1719 sire
1132 1668 1269 1723 absoluto
1288 1670 1352 1723 sire

176 1746 388 1801 conditionato.
869 1816 871 1821 ,

230 1829 384 1880 Probatur
402 1826 428 1879 ι).
451 1824 481 1878 Si
503 1842 547 1880 res
568 1827 777 1896 contingentes
796 1831 894 1879 essent
907 1825 1102 1879 determinate
1116 1828 1224 1881 ernnae
1238 1834 1354 1885 ariteeo-

177 1908 281 1961 denter
299 1906 336 1958 ad
356 1906 505 1959 decretum
527 1906 696 1961 absolutum
717 1906 763 1959 rel
784 1905 1019 1959 conditionatum
1038 1905 1105 1960 Dei.
1132 1906 1199 1961 talis
1219 1910 1355 1964 luturitlo

177 1987 350 2040 corn-enicet
370 1985 439 2051 illis,
461 1987 507 2038 vel
528 2002 565 2039 cx
585 2002 618 2039 se
636 1991 665 2039 et
683 2002 721 2039 ex
740 1990 846 2039 natura
866 2001 930 2042 sun.
951 1985 997 2037 xcl
1027 2000 1064 2038 ex
1093 1987 1269 2043 causalitate
1288 1989 1353 2056 Dei,

178 2067 223 2120 vel
245 2082 282 2120 ex
301 2066 432 2119 cilieacia
451 2066 573 2119 alterins
593 2081 707 2131 cansrc;
728 2066 780 2118 sed
798 2072 938 2119 neutnnn
951 2082 989 2119 ex
1003 2066 1048 2118 bis
1063 2072 1157 2135 potest
1169 2068 1271 2122 asseri.
1288 2070 1352 2123 Non

177 2146 294 2217 quidem
315 2146 447 2214 primurn
460 2160 471 2209 ,·
490 2145 568 2199 Τιιιιι
589 2147 660 2212 quia
678 2152 852 2215 sequeretur
872 2146 923 2199 illn
943 2148 1041 2200 lutura
1062 2162 1126 2201 csse
1144 2149 1312 2203 necessario
1326 2158 1354 2205 et

176 2244 214 2282 cx
229 2234 333 2281 natura
355 2226 406 2289 rei,
428 2240 485 2277 non
506 2240 576 2277 vero
591 2225 681 2279 libere
694 2233 724 2281 et
736 2227 959 2295 contingenter:
974 2231 1003 2279 et
1016 2226 1058 2281 ita
1071 2226 1153 2281 Dens
1166 2226 1282 2283 efficere
1296 2246 1369 2285 non·

178 2315 276 2377 posset
295 2312 329 2359 nt
348 2307 448 2358 littura
466 2320 526 2358 non
546 2309 661 2371 essent3
673 2307 751 2373 quod
765 2306 845 2359 eninr
859 2306 999 2360 convenit
1012 2307 1102 2361 nliceni
1117 2323 1152 2360 ex
1167 2324 1198 2361 se
1211 2315 1291 2363 etex
1305 2326 1355 2364 na·

178 2394 242 2440 tura
263 2402 328 2449 sun,
350 2385 404 2453 ipsi
434 2385 574 2438 comenit
602 2386 778 2443 necessario.
800 2402 853 2439 nee
873 2404 891 2439 a
911 2386 973 2439 Dee
993 2394 1088 2455 potest-
1108 2388 1253 2457 impediri.
1276 2390 1354 2445 Tum

177 2467 247 2535 qnia
267 2468 305 2518 ab
325 2465 425 2518 eodem
448 2465 592 2533 principio
613 2481 657 2517 res
684 2466 794 2519 liabent
821 2466 1024 2520 luturitionem
1054 2467 1091 2519 nb
1119 2473 1238 2535 aeterno,
1259 2484 1277 2523 a
1296 2486 1355 2540 quo

178 2547 288 2599 liabent
307 2546 495 2598 existentiam
518 2546 546 2597 in
567 2550 714 2612 tempore3
735 2546 785 2599 sed
807 2548 904 2600 lutura
925 2546 1132 2615 contingentia
1157 2563 1216 2602 non
1246 2550 1356 2605 habent

108 2662 116 2673 ·
176 2626 364 2681 existentiam
386 2625 414 2677 in
436 2632 665 2694 temperasse,
687 2641 740 2678 nec
760 2642 797 2679 cx
818 2633 924 2680 natura
942 2642 1013 2691 sua3
1035 2642 1105 2697 crgo
1124 2643 1179 2681 nce
1207 2630 1355 2685 mturitio·

177 2724 244 2760 nem
264 2709 301 2760 ab
320 2712 437 2760 aeterno.
460 2705 524 2758 Non
544 2707 635 2760 etiam
654 2707 834 2764 serranianus
852 2723 919 2760 enm
940 2707 1019 2760 enim
1042 2707 1122 2762 Deus
1137 2724 1196 2762 non
1209 2710 1249 2764 sit
1261 2727 1355 2780 agens

176 2787 322 2852 naturale,
342 2786 394 2840 sed
414 2787 538 2840 liberum
559 2787 596 2838 nd
615 2791 709 2848 extra,
722 2787 805 2840 nnlln
827 2795 920 2855 petest
941 2788 969 2840 in
991 2789 1354 2859 cocss‹r‚1rullar1uecorr·

175 2869 235 2936 cipi
253 2867 413 2922 cans-alites
431 2867 641 2921 antecedenter
659 2867 695 2918 nd
716 2867 867 2920 decretum
887 2873 916 2920 et
936 2867 1059 2921 liberam
1077 2868 1353 2926 determinationem

174 2964 237 3001 snae,
257 2948 428 3002 voluntatis.
451 2947 515 3000 Non
535 2947 664 3014 deniqne
684 2947 812 3012 iri-linia,
834 2962 901 3000 cum
922 2948 1002 3000 enim
1023 2964 1120 3001 causa·
1146 2951 1285 3004 secundas
1305 2953 1354 3006 ds.-

177 3029 323 3098 pendeant
343 3045 359 3080 u
379 3027 624 3080 determinatione
642 3035 671 3079 et
690 3042 847 3082 concursu.
868 3026 892 3078 si
914 3027 998 3080 nulla
1018 3035 1095 3082 esset
1115 3029 1144 3081 in
1165 3029 1228 3083 Deo
1250 3047 1353 3086 causa-

175 3109 244 3162 litas
263 3113 291 3161 ct
311 3107 516 3160 determinatio
535 3107 614 3159 circa
632 3114 792 3172 creaturas,
814 3107 891 3159 sicut
912 3123 1012 3160 revera
1034 3108 1118 3162 nulla
1137 3119 1181 3162 est
1195 3115 1265 3164 arrte
1277 3111 1352 3165 (liri-

176 3203 248 3240 nmn
268 3187 418 3239 deeretmn
438 3186 475 3237 de
494 3185 553 3237 illis
576 3185 773 3254 producendis
803 3185 887 3238 nulla
917 3187 1024 3254 pariter
1053 3187 1168 3256 concipi
1197 3195 1294 3257 potest
1323 3193 1353 3245 in

175 3267 274 3321 causis
293 3267 431 3320 secundis
451 3265 590 3326 elliencia,
612 3283 627 3318 a
648 3281 706 3334 qim
727 3266 880 3334 provenire
901 3267 992 3334 possit
1011 3267 1063 3320 illa
1084 3267 1280 3324 determinata
1309 3289 1354 3326 re·

177 3364 241 3401 rum
262 3347 406 3400 lutnritin.

229 3428 382 3492 Deniqu03
395 3425 466 3478 llaec.
486 3426 588 3479 eadem
609 3425 717 3478 veritas·
737 3427 931 3493 probaturos
953 3427 1034 3479 brevi
1055 3427 1106 3478 sed
1136 3429 1247 3482 cilicacl
1271 3447 1354 3484 ercn-

174 3509 258 3562 sionc
276 3515 305 3562 ct
325 3507 501 3561 reiirtationo
519 3506 644 3559 aliarum
665 3507 888 3560 sententiarum.
907 3504 938 3558 Si
958 3509 1056 3559 lutura
1081 3508 1287 3576 contingentia
1306 3527 1353 3564 eo-

174 3589 278 3656 gnosci
298 3593 416 3655 possent
435 3602 451 3638 a
474 3586 534 3637 Deo
553 3590 621 3638 ante
641 3585 802 3650 decretum,
819 3587 946 3638 ιιιιιιιίιιιι·Ι
959 3586 1059 3654 primo
1076 3589 1116 3640 orl
1131 3587 1158 3640 in
1185 3589 1248 3642 suis
1263 3589 1351 3650 ldeis,

177 3677 210 3720 ut
227 3667 312 3718 decet
331 3665 468 3734 iligirlins
489 3665 638 3717 liomnnns
658 3663 687 3714 in
711 3666 735 3716 1.
757 3664 824 3716 iiixl,
847 3667 890 3717 3⁸.
912 3681 959 3716 ass
971 3683 1046 3720 nens
1062 3667 1158 3720 Deum
1172 3683 1353 3736 cognoscere

176 3748 275 3799 lutura
294 3745 496 3813 ‹biningen-tn
516 3749 585 3798 ante
605 3743 757 3797 ‹lecrctum
779 3745 807 3796 in
828 3746 889 3798 suis
910 3745 993 3804 ideis,
1015 3747 1061 3798 rel
1084 3747 1114 3799 in
1142 3763 1198 3800 sua
1223 3753 1351 3806 essentia

177 3825 307 3894 praecise,
328 3831 360 3876 ut
381 3823 467 3876 lralmt
488 3823 629 3875 rationem
650 3823 733 3876 idere.
754 3829 807 3876 rint
826 3825 935 3893 speciei
959 3825 1126 3894 impressam
1150 3827 1190 3878 cel
1221 3830 1353 3884 secundo

175 3905 205 3957 in
225 3903 574 3971 supereomprelrensione
602 3918 760 3957 crnrsarnm
790 3904 988 3957 scntnndarum
1009 3915 1037 3958 et
1058 3906 1141 3959 liberi
1172 3907 1298 3974 arbitrii,
1319 3917 1352 3966 ut

175 3983 279 4037 asserit
291 3982 400 4034 llolinn
413 3981 615 4050 liixpntntinnc
629 3984 745 4051 qrarrln,
755 3983 868 4049 dicens,
878 3983 974 4036 Deum
990 3986 1200 4039 nrrtecedenter
1211 3987 1249 4040 ad
1263 4003 1351 4044 suum

174 4063 325 4116 decretum
345 4073 374 4116 ct·
392 4063 667 4117 determinationem
686 4079 748 4116 snre
769 4062 940 4124 voluntatis,
957 4065 1073 4117 inlinitn
1091 4065 1350 4138 subintelligendi

175 4144 284 4198 virtute
303 4152 456 4210 parieti-arc
475 4149 505 4196 et
523 4157 700 4210 cognoscere
719 4143 792 4210 quid
819 4145 1353 4212 unaquequei·01urrtrscn·ata‚sub

175 4238 364 4291 quocumque
392 4231 469 4275 statu
498 4229 527 4274 et
555 4221 723 4275 conditione
744 4227 879 4289 ponrdm,
901 4222 1140 4288 demeterent,
1162 4225 1352 4296 etinquam

177 4313 285 4372 partem
307 4319 338 4357 se
360 4302 530 4360 inclinabit:
551 4317 640 4368 quam
661 4303 894 4370 penetratiomm
919 4309 948 4356 ct
977 4302 1220 4371 perfect-issinmm
1251 4309 1352 4376 cogni-

175 4383 283 4436 tioncrn
305 4383 341 4434 dc
361 4383 492 4435 lnnnana
511 4381 674 4442 voluntate,
696 4382 805 4434 idcireo
823 4383 1195 4450 arque-rornprclrcnsinnern
1209 4385 1351 4454 appellat,

174 4470 209 4516 ut
227 4461 329 4514 divina
348 4461 478 4528 cognitio
497 4462 535 4514 ab
553 4460 691 4530 angelica
709 4461 922 4530 distinguatur.
946 4477 1012 4530 nuoe
1033 4461 1101 4517 licet
1121 4463 1352 4532 comprehendat

176 4541 304 4594 hominis
324 4541 518 4603 voluntatem,
534 4539 563 4593 in
584 4539 637 4592 illa
656 4545 753 4594 tumen
769 4557 826 4594 non
841 4541 993 4610 cognoscit
1006 4549 1120 4596 nostros
1133 4549 1218 4598 aenas
1232 4543 1351 4614 liberos}

176 4621 218 4674 rel
237 4623 333 4684 terti03
356 4620 406 4674 illn
425 4623 616 4690 cognosceret
635 4619 665 4674 in
684 4619 802 4676 decreto
830 4627 863 4676 ut
883 4625 982 4675 t'utnro
1011 4625 1041 4676 et
1071 4622 1224 4678 formando
1248 4623 1280 4678 ln
1307 4643 1351 4684 se-
