3067 5400
172 557 245 625 252
490 566 786 626 remouerinnno
818 575 883 625 ssu
915 575 1043 625 cearli.

176 700 281 753 divino
299 698 484 767 Intellectni3
505 700 595 769 idque
613 700 661 755 vel
681 700 891 755 antecedenter
908 699 947 753 ad
959 713 1047 753 omne
1059 698 1170 752 divinae
1183 696 1354 753 Voluntatis

180 780 341 847 decretum,
362 780 490 849 qualiter
510 796 555 834 res
574 796 648 850 pure
660 780 816 850 possibiles
835 780 965 847 exhibet,
979 778 1027 833 vel
1041 778 1152 848 praevio
1170 794 1206 833 ec
1224 794 1356 849 praesup-

179 860 275 928 posito
293 860 410 914 decreto
428 861 564 915 absoluto
582 866 635 915 aut
653 860 869 927 conditionate,
881 861 959 914 sicut
972 864 1121 913 creaturus
1140 858 1286 927 absolute,
1306 858 1353 914 vel

175 939 380 994 conditionate
398 941 514 995 iuturus
534 946 734 1010 representat,
754 945 789 993 ut
807 940 963 994 docuimus
986 955 1054 993 curn
1076 939 1213 1007 Doctore,
1234 938 1356 1009 Disput.

179 1017 223 1071 De
241 1018 367 1073 Scientia
386 1019 451 1074 Dei.

232 1098 412 1156 Norasneu
432 1100 458 1153 3.
480 1101 537 1154 Res
555 1102 670 1154 iuturus
690 1116 775 1169 posse
793 1100 878 1153 nobis
898 1099 1211 1168 innotescere'triplici
1232 1101 1293 1169 ria,
1314 1101 1358 1155 ni·

179 1179 286 1232 mirum
305 1180 352 1233 vel
373 1195 425 1248 per
443 1180 733 1245 demonstrationem,
754 1180 883 1249 qualiter
901 1180 1052 1249 Astrologi
1064 1180 1195 1234 futurem
1208 1179 1355 1250 eclypsim

178 1257 404 1327 deprehendunt
421 1275 459 1313 cx
478 1266 558 1314 eertu
576 1261 690 1314 orbium
710 1260 875 1314 caelestium
896 1260 1014 1329 periodo
1033 1263 1063 1313 ct
1083 1261 1229 1314 invariato
1250 1266 1353 1327 motin

178 1338 227 1391 vel
247 1353 298 1407 per
317 1339 537 1405 revelationem,
557 1341 634 1394 sicut
652 1356 755 1393 omnes
774 1340 928 1409 Propriae
948 1356 993 1393 res
1012 1339 1114 1409 procul
1134 1346 1277 1397 ventures
1290 1340 1353 1395 Dee

180 1423 328 1472 reserante
346 1419 605 1487 deprehenderunt
622 1424 652 1473 et
664 1421 934 1474 annuntiaverunt:
947 1420 995 1473 vel
1010 1421 1139 1489 denique
1152 1435 1204 1490 per
1215 1420 1353 1490 quiedam

178 1498 265 1566 signa
284 1498 393 1566 quibus
414 1515 510 1552 renim
529 1504 654 1561 eventus
673 1500 820 1567 conjicere
839 1506 869 1554 et
896 1500 990 1554 veluti
1019 1516 1071 1569 per
1099 1500 1222 1555 emissos
1251 1506 1356 1555 tenum

178 1577 323 1645 quosdam
342 1578 468 1632 radiolos
488 1580 632 1648 inspicere
651 1579 729 1633 licet.
751 1578 799 1631 An
818 1584 917 1633 autem
937 1580 1039 1648 aliquo
1058 1596 1095 1633 ex
1114 1580 1161 1633 liis
1180 1580 1276 1635 modis
1305 1596 1356 1635 no-

179 1664 273 1711 strum
292 1659 418 1727 quilibet
436 1660 607 1728 praesentire
623 1660 715 1728 possit
728 1674 760 1712 se
774 1660 804 1712 in
819 1660 944 1713 salicem
959 1660 1234 1729 predestinatorum
1248 1666 1356 1715 sortem

178 1738 446 1807 annumerandum,
468 1740 515 1793 hic
536 1740 726 1793 resolvemus:
746 1739 798 1792 sed
819 1741 899 1809 prins
919 1741 957 1795 sit

233 1899 463 1958 Conclusio
483 1900 671 1971 prlma.-
685 1899 877 1955 lirme'rnneu
891 1901 1158 1956 l'niunnsrmn'rro
1178 1917 1231 1955 irs
1252 1917 1356 1957 euers

178 1994 220 2033 ΕΤ
240 1996 454 2036 rnrntrnnnns
483 1998 550 2049 nse,
573 1997 612 2035 rr
642 1994 750 2033 enimn
782 1995 905 2034 sennes
935 1997 1052 2035 imulas
1083 1997 1199 2037 Possm.
1221 1982 1293 2037 Haee
1312 1988 1356 2037 esi

179 2061 216 2113 de
235 2061 303 2128 ilde,
1097 2102 1099 2107 .

233 2143 371 2206 nemque
399 2144 525 2194 firment
553 2144 632 2196 vetii
660 2147 827 2212 scripturae
854 2147 978 2196 textus:
999 2141 1048 2195 Sic
1068 2142 1195 2196 loannis
1213 2142 1240 2196 6.
1265 2144 1356 2196 Ouruc

178 2222 257 2290 qamt
275 2222 326 2275 ciat
348 2221 420 2274 arilei
441 2223 527 2274 l'ater·
544 2223 584 2275 ad
603 2240 648 2275 me
669 2225 767 2279 vernet.
785 2226 821 2278 Et
837 2239 936 2277 rursus
951 2222 1070 2275 ibidem:
1086 2223 1154 2275 lloec
1166 2225 1207 2275 est
1223 2224 1356 2276 ordientes

182 2299 294 2357 l'atris,
318 2303 348 2352 at
367 2317 451 2353 eritne
470 2302 547 2368 qaia
565 2302 645 2355 <ram
664 2304 748 2372 rnilri,
764 2321 820 2357 ram
833 2303 955 2372 pei-elam
971 2320 1008 2354 ea:
1020 2320 1059 2354 ai.
1076 2302 1113 2355 Et
1131 2317 1194 2370 cap.
1218 2304 1261 2356 le.
1286 2304 1356 2356 oves

180 2398 250 2433 tlteoe
272 2396 361 2432 rocem
385 2396 476 2432 naam
497 2381 671 2436 attiliani...
692 2386 718 2436 et
736 2386 1004 2453 seqaantaririe...
1028 2384 1053 2433 et
1080 2397 1135 2433 iam
1161 2381 1299 2449 peribunt
1324 2382 1354 2435 iu

177 2464 332 2521 ‹ater-aran,
353 2462 379 2511 et
399 2475 455 2512 aaa
478 2460 570 2529 rapiet
589 2462 745 2532 qaisquam
761 2466 796 2518 de
812 2479 906 2516 nauta·
921 2476 1000 2517 urea:
1013 2462 1092 2514 unde
1106 2466 1227 2515 sarietus
1241 2461 1354 2517 Paulus

178 2540 216 2594 ad
227 2540 309 2593 Rom.
321 2542 347 2593 il.
363 2540 438 2602 tilios
449 2541 678 2608 pradestinavit,
692 2543 798 2613 inquit,
810 2546 860 2597 lais
874 2545 899 2595 et
910 2541 1092 2610 plarifieaeit.
1105 2541 1220 2595 nnllam
1234 2544 1356 2597 omniuo

178 2621 381 2689 exceptionem
402 2621 513 2674 iaciens
534 2622 610 2676 inter
629 2624 853 2692 praedestinatos
872 2630 902 2677 et
920 2623 1108 2692 glorificatos.

232 2703 372 2767 idipsum
392 2703 517 2755 firment
535 2705 635 2756 teneti
653 2707 772 2773 Patres,
795 2705 921 2757 rrraxime
947 2703 1135 2772 Augustinus
1162 2702 1281 2770 plumbi,
1302 2704 1354 2758 sed

178 2783 340 2852 presertim
361 2782 410 2835 lib.
433 2781 475 2835 De
493 2783 669 2852 correptione
688 2787 713 2836 et
732 2785 840 2852 praetia,
857 2803 882 2837 e.
898 2784 923 2836 i.
938 2785 988 2836 ubi
1004 2784 1041 2836 de
1053 2783 1156 2836 electis
1169 2783 1221 2836 ait:
1236 2785 1350 2838 Horum

177 2863 205 2916 si
222 2862 289 2932 qais
304 2862 391 2931 parit.
412 2861 532 2930 sialiter·
550 2863 640 2928 Daa,
661 2866 711 2917 sed
731 2881 814 2916 ranna
833 2881 931 2915 airam
950 2862 1035 2931 parit,
1057 2862 1127 2930 qam
1148 2879 1204 2914 ram
1234 2863 1356 2929 siritilar

178 2943 274 2996 Deas:
293 2944 397 2995 liorrrm
417 2942 444 2994 si
462 2943 619 3012 quispiane
636 2944 722 3011 parit.
738 2943 804 2996 eilia
817 2946 947 2996 lranama
963 2943 1088 3006 rineitar
1103 2941 1191 2995 Deris:
1205 2944 1256 2997 aa
1270 2961 1354 2998 trente

177 3040 275 3076 etii-am
295 3023 380 3090 parit,
401 3022 473 3092 qaia
492 3025 575 3076 rrrrlla
598 3040 628 3089 re
646 3023 772 3077 eineitar
790 3023 879 3076 Dens.
901 3022 1017 3076 Similia
1038 3023 1124 3075 lmbet
1153 3023 1273 3091 pluribi.
1296 3023 1351 3079 Cui

177 3104 308 3157 concinit
327 3108 447 3156 sanetus
466 3103 759 3173 Fulgentiuslib.De
778 3105 834 3171 pile
853 3105 893 3156 (al
915 3106 1042 3157 leti-am.
1065 3118 1128 3170 eup.
1150 3103 1193 3156 :aa
1215 3102 1355 3157 Firmiter

176 3185 267 3242 crede,
289 3183 396 3250 inquit,
412 3186 438 3234 et
459 3185 628 3236 rrrtllaterras
640 3183 752 3236 ‹iirlrites
765 3199 873 3244 erronea,
889 3201 960 3252 qtae
976 3199 1042 3235 rasa
1059 3182 1261 3236 irriserirerrlirc
1273 3184 1355 3238 Deua

176 3263 245 3330 feeit
262 3263 392 3330 preterita
412 3263 536 3316 trinitate
555 3266 622 3316 irrite
641 3264 749 3317 eruendi
767 3263 998 3316 ‹riristita-tioaem
1021 3262 1050 3315 iu
1074 3262 1260 3330 rataptiouem
1279 3265 1353 3332 lilio-

180 3360 246 3396 rirrn
265 3343 321 3396 Ilei
338 3344 559 3411 praedestinatos
577 3363 635 3396 esse
654 3363 671 3396 a
693 3345 760 3402 Deo.
781 3362 870 3413 ireque
888 3343 981 3412 parire
998 3359 1080 3411 puisse
1099 3343 1225 3411 aliquem
1240 3361 1352 3413 eornm,

176 3441 248 3494 qaos
268 3424 347 3477 Deus
362 3424 583 3492 praearmare
602 3427 642 3476 arl
663 3427 805 3490 lteqrram,
828 3441 917 3493 ireqra·
945 3440 1121 3492 quanquam
1151 3441 1260 3488 emenii,
1281 3441 1354 3494 quos

177 3521 235 3557 ram
256 3503 475 3572 priaresrimwir
494 3505 534 3556 ari
555 3504 641 3556 eitam
665 3505 725 3556 atla
746 3504 856 3555 ratione
875 3521 955 3572 patrae
974 3503 1094 3556 anau-i.

230 3586 326 3637 Ratio
344 3585 439 3650 hujus
458 3585 601 3636 veritatis
619 3584 708 3636 etium
727 3591 772 3636 est
792 3585 947 3637 inaniiesta
966 3600 1001 3636 ex
1018 3584 1079 3651 ipsu
1093 3583 1266 3638 ‹lelinitione
1280 3602 1352 3655 prae·

175 3664 394 3729 destillatione,
415 3679 481 3731 qua
512 3664 608 3730 inquit
636 3663 666 3715 ὃ.
688 3662 877 3732 Augustinus
898 3664 948 3717 lib.
971 3663 1013 3716 lle
1030 3664 1103 3714 bium
1120 3665 1350 3732 parsereamtioe,

176 3761 241 3813 cup.
266 3745 306 3796 tl.
330 3743 382 3794 lla
400 3742 621 3810 preparatam
638 3742 821 3809 prescientia
841 3743 1040 3810 lienefieiaram
1063 3743 1126 3804 Dei,
1139 3743 1244 3810 qailnrs
1256 3744 1352 3799 ‹ertia-

175 3825 248 3876 aina
268 3822 430 3875 liberantur
447 3822 622 3889 qaieamqae
642 3823 820 3876 litai-antae:
841 3830 942 3877 utnon
956 3824 1117 3877 certissime
1133 3824 1305 3893 liberantur,
1326 3825 1351 3880 si

176 3918 277 3956 eorum
297 3902 364 3970 quis
384 3901 478 3969 perire
498 3902 606 3969 possit:
626 3917 696 3972 ergo
725 3919 881 3956 neeessum
911 3910 964 3962 est.
986 3910 1019 3958 nt
1038 3909 1183 3971 quotquot
1202 3905 1351 3972 praedesti-

177 3987 295 4046 nantur,
319 3981 515 4034 infallibiliter
534 3982 624 4035 vitam
645 3990 783 4036 atenmm
798 3984 959 4037 obtineant.
977 4015 1010 4022 -
1025 3983 1146 4042 Ileirale,
1162 3984 1351 4052 perspicacis·

173 4065 249 4117 sime
268 4068 297 4116 et
315 4066 394 4115 certo
413 4061 494 4114 Deus
521 4063 603 4115 norit
626 4078 691 4130 quie
713 4067 811 4115 lutura
840 4070 920 4122 sunt,
945 4065 1103 4132 ornniaquo
1134 4064 1163 4115 in
1193 4071 1350 4133 prospectu

176 4144 280 4197 lmbet:
300 4159 371 4211 ergo
390 4143 499 4211 pariter
518 4143 610 4200 norit.
632 4144 682 4211 qni
702 4144 762 4196 sint
783 4144 812 4197 in
831 4145 927 4212 gratia
947 4145 1150 4197 sanet-iiieunte
1170 4144 1349 4208 ‹lise-essuri,

174 4223 288 4292 quique
308 4223 337 4275 in
357 4227 477 4291 peceato
497 4222 627 4288 mortali3
648 4223 780 4290 adeoque
800 4231 878 4276 eerto
898 4224 989 4289 norit,
1011 4224 1061 4290 qni
1083 4229 1223 4291 perpetuo
1243 4223 1351 4277 beandi

175 4304 265 4371 quive
285 4303 445 4356 danmandi
466 4303 582 4356 sint-
602 4301 743 4372 Denique.
764 4303 789 4354 si
811 4303 1036 4372 predestinatus
1056 4304 1116 4355 lieri
1138 4307 1235 4372 posset
1255 4319 1351 4374 repro-

174 4383 241 4446 bus,
263 4384 391 4437 maxime
410 4383 457 4437 rel
477 4382 565 4435 simul
586 4388 616 4437 et
634 4383 735 4436 eodem
756 4389 895 4451 tempere,
917 4383 964 4436 rel
984 4383 1108 4435 ‹liverso
1126 4383 1190 4436 Non
1210 4384 1350 4452 primum

174 4461 249 4514 alias
268 4469 346 4517 esset
364 4463 452 4516 sirnnl
472 4463 699 4531 pennatulus
718 4467 748 4516 et
766 4477 824 4514 non
845 4461 1082 4531 praedestinatus,
1106 4462 1185 4531 quod
1206 4463 1348 4532 implicet.

175 4540 240 4594 Non
260 4541 349 4595 etiam
368 4542 544 4609 secundunn
564 4543 697 4611 alioquin
718 4543 798 4595 lleus
819 4546 991 4609 enutriretur,
1014 4543 1156 4610 inciperet
1181 4543 1262 4596 enirn
1286 4543 1351 4598 fleri

175 4621 345 4690 reprobans,
365 4637 434 4676 cum
452 4627 540 4676 antea
558 4622 772 4690 praedestinans
791 4621 946 4676 extitisset.
