3067 5400
223 564 268 630 48
326 582 483 632 RATIONE
506 582 661 631 scanlint
688 582 820 631 rori-:ST
846 582 1056 631 ,nt'srnattnr
1085 582 1300 631 TRlNlTATlS·

222 706 326 760 vinum
346 706 510 761 oemrtdere.
532 706 589 757 nisi
609 706 753 759 beneticio
772 716 990 758 creaturarum:
1011 704 1063 756 sed
1082 714 1225 757 creaturae
1245 720 1283 758 ex
1307 720 1341 758 se
1360 721 1414 775 po-

222 787 284 840 tius
303 789 450 841 inducmrt
475 788 505 838 in
531 800 686 838 arsensum
707 785 954 853 impossibilitatis
974 785 1064 851 hujus
1084 784 1228 852 mysterii.
1259 800 1352 853 quarn
1380 786 1411 839 in

222 883 376 921 assensum
398 866 479 920 illius
499 866 686 918 existentia:
705 880 778 933 ergo
799 880 910 919 revera.
931 866 1067 933 quamvis
1086 864 1196 932 aliquis
1215 880 1269 933 per
1298 866 1414 919 revela-

223 948 334 1001 tionem
354 958 383 1001 et
403 947 491 999 fidem
512 946 627 998 noverit
647 946 822 1013 mysterium
843 945 1008 999 Trinitatis.
1030 954 1207 997 nontamen
1237 946 1414 1015 excogitare

223 1038 321 1096 potest
342 1028 469 1081 rationes
489 1025 732 1093 naturalesque
748 1024 823 1078 illud
844 1026 1016 1093 mysterium
1030 1024 1114 1077 alteri
1129 1039 1187 1077 non
1202 1024 1338 1080 credenti
1352 1026 1413 1079 evi-

154 1130 158 1135 ·
223 1108 328 1161 denter
346 1107 554 1176 persuadeant.

259 1190 413 1240 Probatur
425 1186 451 1239 2.
473 1185 518 1238 Ex
532 1186 733 1239 infirmatione
747 1186 881 1238 omniurn
897 1185 1053 1251 rationum,
1069 1200 1135 1252 qua
1149 1185 1272 1252 prolerri
1288 1196 1413 1254 possem

224 1267 262 1319 ad
283 1267 336 1319 lroc
358 1267 531 1334 rnvsterium
552 1265 827 1318 demonstrandum.
847 1262 878 1317 Si
896 1280 963 1333 qnae
978 1265 1104 1317 ratione>¹
1117 1264 1272 1317 evidenter
1284 1266 1413 1333 probare

230 1358 351 1415 possent
369 1346 501 1399 divinam
522 1345 709 1399 Trinitatem.
731 1346 859 1398 maxime
878 1346 1012 1413 quinque
1031 1352 1208 1412 sequente-7:
1237 1344 1291 1397 sed
1325 1344 1411 1397 nulla

226 1443 264 1478 ex
283 1427 326 1479 eis
345 1436 389 1479 eet
408 1426 649 1478 demonstrativa.
670 1455 706 1463 —
727 1425 828 1477 Primo
850 1441 976 1494 tranique
998 1425 1070 1477 iulio
1097 1424 1139 1476 sic
1169 1424 1289 1476 iormari
1310 1432 1413 1493 posset

224 1522 262 1559 ex
282 1506 408 1559 Doctore
428 1506 457 1557 in
481 1508 504 1558 l.
525 1505 594 1558 dist.
610 1505 636 1557 2.
651 1521 680 1573 q.
702 1505 728 1558 ἶ.
743 1520 774 1557 n.
789 1506 828 1557 3.:
842 1505 1024 1573 quicumque
1045 1505 1162 1557 habeta
1175 1520 1206 1557 ae
1225 1514 1255 1557 ct
1274 1505 1343 1558 siue,
1357 1505 1408 1557 im-

224 1586 404 1654 perfectione
425 1585 607 1653 principinm
627 1585 836 1653 productivum
849 1585 1000 1638 sufficiens
1013 1584 1050 1636 ad
1063 1583 1299 1652 producendum,
1312 1590 1412 1652 potest

226 1666 408 1734 producere:
428 1665 480 1718 sed
499 1665 602 1733 aliqua
616 1680 739 1732 persona
752 1664 855 1717 divina
870 1665 987 1718 habeta
1001 1680 1032 1718 sc
1051 1672 1079 1717 et
1099 1664 1163 1716 sine
1184 1664 1411 1731 imperiectiono

225 1746 404 1815 principium
425 1746 632 1814 productivum
653 1744 804 1798 sufficiens
825 1754 959 1812 respectu
978 1744 1100 1796 alterius
1120 1759 1254 1812 persona
1274 1744 1408 1797 divinae:

224 1842 296 1895 ergo
324 1834 419 1894 potest
447 1825 607 1894 producere.
635 1825 756 1878 alteram
787 1841 940 1893 personam
967 1825 1110 1877 divinam.
1132 1824 1278 1876 Probatur
1299 1824 1407 1877 minor:

224 1908 319 1974 primo
339 1921 467 1974 namquo
486 1912 601 1959 constat·
614 1922 678 1959 esse
698 1921 788 1958 uuam
804 1920 968 1972 parmenam.
992 1905 1093 1957 eadem
1116 1905 1237 1961 ratione.
1259 1918 1320 1972 qua
1340 1919 1410 1957 con·

224 1994 284 2040 stat
302 2002 367 2039 esse
387 1986 494 2041 Deum.
516 1986 662 2053 siquidem
684 1984 786 2038 neira<
805 1985 891 2038 debet
919 2000 984 2038 esse
1012 1992 1176 2052 personata,
1206 1992 1239 2036 nt
1267 1994 1409 2053 agereret

226 2067 387 2135 producere
406 2066 516 2134 possit:
537 2065 668 2118 secundo
689 2065 740 2116 illa
760 2065 862 2117 divina
883 2080 1007 2133 persona
1035 2065 1122 2116 habet
1152 2063 1323 2116 rnernoriam
1358 2068 1407 2117 ltc-

226 2147 366 2205 onndam.
388 2147 442 2199 hoe
460 2152 505 2199 est
524 2145 709 2198 intellectum
730 2145 880 2198 inlinitum
900 2156 929 2198 et
948 2144 1095 2210 objectum
1110 2143 1260 2197 inlinitum
1275 2158 1408 2212 praesens

225 2234 255 2281 et
274 2226 454 2295 applicatum
476 2226 506 2278 in
527 2226 639 2279 ratione
658 2224 877 2294 intelligibilis:
900 2226 1021 2293 insuper
1041 2224 1127 2277 lrabet
1142 2224 1217 2276 lianc
1233 2225 1405 2277 meritoriam

226 2307 341 2359 inlinitc
360 2305 530 2358 necandam
550 2320 622 2367 ase,
634 2305 705 2372 qnia
724 2312 769 2359 est
789 2305 992 2374 improdneta;
1013 2313 1041 2357 et
1062 2303 1143 2356 illam
1163 2304 1251 2356 habet·
1270 2304 1335 2358 sine
1355 2305 1405 2357 im·

227 2387 417 2454 perlectione.
438 2384 523 2437 nnlla
542 2385 621 2438 enim
642 2385 825 2453 imperiectio
845 2386 873 2438 in
895 2385 957 2438 Deo
985 2392 1029 2438 est
1059 2384 1250 2436 invenienda:
1271 2384 1323 2438 sod
1353 2384 1407 2437 illa

228 2466 368 2518 memoria
390 2465 505 2518 inlinite
525 2465 662 2517 liecnnda
674 2472 719 2518 est
732 2466 911 2534 principium
926 2464 1133 2532 productivum
1146 2463 1276 2530 alicujus
1289 2465 1409 2517 infinite

226 2546 368 2614 perlecti3
389 2561 448 2598 non
468 2545 588 2613 quidem
608 2545 732 2599 alterius
752 2546 818 2603 De3.
839 2546 909 2614 qnia
930 2545 1058 2598 Deorum
1072 2543 1226 2612 pluralitas
1242 2552 1405 2613 repugnat:

224 2641 296 2694 ergo
314 2624 437 2678 alterins
456 2641 590 2693 personat
609 2626 729 2678 divime.
751 2625 897 2679 Probatur
918 2625 1031 2677 minor:
1051 2625 1191 2678 memoria
1211 2624 1349 2677 lteeunda
1368 2638 1406 2677 ex

227 2707 338 2760 ratione
357 2722 412 2759 sua
430 2707 546 2759 lormali
566 2715 611 2760 est
630 2707 804 2775 productiva
824 2708 935 2760 notitia·
955 2707 1084 2775 genitae:
1105 2721 1175 2773 ergo
1196 2706 1335 2758 memoria
1356 2711 1406 2758 loe-

225 2787 323 2840 cunda
343 2802 474 2854 pomona!
494 2787 604 2840 divinae
625 2788 816 2855 improdncta·
836 2797 881 2840 est
894 2787 1067 2855 productiva
1088 2786 1199 2838 notit-ire
1219 2787 1328 2854 gertine
1348 2785 1404 2839 sibi

226 2868 461 2935 proportionata,
483 2867 618 2935 adeoque
637 2868 783 2920 infinita:
804 2868 854 2919 ¹ved
875 2867 981 2920 notitia
1001 2867 1052 2918 illa
1073 2866 1188 2918 inlinita
1210 2871 1332 2919 nonest
1360 2881 1407 2918 ac-

225 2947 338 3012 cidens,
350 2947 486 3014 quiahoc
501 2947 597 3000 Denm
611 2947 749 3001 dedecet:
761 2963 831 3016 ergo
844 2953 888 2999 est
901 2947 972 3014 qnid
987 2947 1161 3010 soluisti-ne,
1176 2951 1205 2997 et
1223 2961 1406 3014 consequen·

226 3033 270 3082 ter
289 3027 359 3095 qnid
379 3028 533 3094 spirituale
553 3028 657 3080 vivens
677 3028 737 3081 vita
759 3027 965 3082 intellectuali.
978 3027 1051 3078 alias
1071 3041 1129 3077 non
1150 3031 1226 3077 esset
1245 3026 1404 3094 proportio

227 3117 328 3159 natum
351 3108 495 3175 principio
515 3108 709 3175 productiva:
730 3108 863 3175 adeoque
883 3115 926 3160 est
955 3123 1079 3176 persona
1107 3106 1229 3157 divina:
1256 3121 1327 3174 ergo
1347 3121 1406 3159 me-

227 3188 320 3240 moria
339 3187 478 3240 lireunda
498 3188 528 3239 in
549 3188 612 3240 Deo
631 3187 768 3255 producit
787 3188 875 3239 aliam
896 3203 1050 3255 pereurrant
1071 3186 1213 3249 divinam3
1228 3185 1404 3252 sicquejam

226 3267 292 3320 dna·
313 3275 382 3320 sunt
402 3267 511 3320 divime
532 3283 674 3336 persona.
696 3283 756 3320 una
777 3268 952 3335 producens.
968 3267 1027 3318 alia
1042 3266 1191 3334 producta.
1208 3263 1290 3326 Quod
1303 3274 1405 3319 antina

228 3348 312 3400 tertia
334 3347 424 3414 possit
442 3347 581 3401 similiter
599 3348 748 3414 cognosci,
770 3353 869 3414 patet;
891 3363 959 3398 nam
982 3346 1032 3398 illa
1045 3346 1147 3397 divina
1160 3360 1285 3412 persona
1299 3345 1404 3413 impro-

227 3427 317 3480 dueta
337 3427 424 3479 habet
443 3428 625 3480 voluntatem
646 3444 663 3479 a
682 3445 714 3478 se
735 3428 850 3480 inlinitc
870 3431 1048 3494 perlectam3
1069 3426 1208 3477 voluntas
1236 3431 1334 3477 autern
1361 3425 1405 3477 in-

228 3507 309 3558 tinitc
330 3509 457 3574 perlecta
476 3517 520 3559 eat
541 3507 715 3574 productiva
733 3508 841 3558 amore¹
863 3507 969 3559 inliniti
990 3515 1018 3558 et
1038 3507 1092 3557 silri
1115 3504 1340 3572 proportionati:
1362 3505 1404 3556 in·

227 3587 329 3639 linitus
348 3595 446 3638 autem
462 3586 513 3639 illc
526 3602 609 3638 arnor
621 3587 782 3654 produc-tna·
795 3586 881 3638 debet
895 3603 959 3637 esse
973 3587 1074 3637 divina
1089 3600 1223 3652 persona,
1238 3584 1312 3635 alias
1326 3585 1404 3652 prin-

226 3667 304 3733 eipio
324 3665 495 3733 producenti
518 3681 576 3717 non
596 3671 672 3719 meet
692 3667 948 3733 proportionatae:
969 3681 1038 3734 (argo
1061 3665 1171 3716 ratione.
1192 3665 1320 3717 naturali
1342 3680 1404 3733 pro-

227 3747 288 3797 ltari
302 3753 395 3813 potest
405 3745 558 3798 evidenter
567 3745 669 3798 divina
683 3746 733 3798 illa
745 3761 934 3813 personarum
947 3746 1087 3797 Trinitas.
1102 3775 1133 3784 -
1152 3746 1254 3796 l'erarn
1267 3745 1407 3812 quamvis

228 3825 289 3876 nae
311 3825 383 3877 ratio
402 3825 533 3876 omnium
554 3826 765 3892 urgentissima
786 3826 922 3877 videatur
941 3826 1101 3891 aliquibus.
1124 3825 1318 3877 nihilominus¹
1339 3840 1403 3876 eam

228 3904 314 3956 lecile
334 3904 448 3956 diluere
469 3911 567 3972 posset
587 3905 785 3973 Philosophus
806 3905 960 3957 Etlrniens.
977 3905 1075 3956 l’rinro
1094 3905 1230 3973 rte-gando
1251 3903 1402 3962 utinm-era,

227 3983 459 4051 allirmandoqnc
479 3985 576 4037 llenrn
598 4001 656 4036 non
678 3985 854 4052 intelligere,
878 3986 932 4036 nisi
955 4001 1005 4052 per
1026 3984 1255 4037 ina-lleedorann
1287 3984 1406 4036 realiter

228 4064 449 4121 identilieatam.
472 4081 530 4116 non
550 4079 619 4116 vero
639 4081 656 4116 a
676 4081 708 4118 se
727 4065 908 4122 distinctam,
931 4075 1080 4132 propterea
1096 4065 1159 4128 ejm¹
1174 4062 1404 4116 intellectioncm

228 4161 286 4197 non
307 4161 370 4194 case
392 4145 498 4196 realem
520 4145 741 4213 productiora-m
763 4145 881 4197 termini
913 4145 1029 4197 realiter
1057 4144 1198 4208 distincti,
1228 4143 1279 4195 sed
1308 4143 1403 4196 solum

227 4226 436 4293 operationem.
458 4225 589 4277 Secumlo
610 4240 751 4291 reponere
772 4233 869 4292 posset
890 4225 1073 4277 intellectum
1096 4224 1255 4292 prodimere.
1283 4224 1407 4290 quidem·

227 4305 341 4372 aliquid
362 4305 537 4371 innnanena,
557 4304 608 4356 sed
630 4305 858 4364 inl1a·rerm,non
874 4320 943 4357 vero
957 4305 1069 4371 aliquid
1084 4304 1257 4366 srrlrsistcns,
1272 4303 1406 4371 adeoquo

227 4401 263 4437 ex
284 4401 318 4436 eo
338 4401 397 4437 non
419 4385 519 4438 liceret
539 4385 646 4436 inlerre.
666 4383 793 4437 l'erlnnn
814 4401 830 4436 a
851 4386 913 4437 lleo
933 4385 1106 4452 productum
1127 4398 1190 4433 esse
1211 4382 1324 4450 aliquid
1338 4384 1406 4437 sub·

227 4466 344 4518 sistens.
371 4464 463 4516 'l'erlio
481 4464 611 4533 denique.
630 4465 767 4533 quamvis
787 4465 961 4518 concederet
981 4463 1163 4516 intellectum
1179 4462 1315 4515 divinum
1339 4477 1406 4516 esse

229 4545 436 4612 prmluctivnm
457 4544 544 4598 l'e-rlri
563 4544 752 4597 ¹vtrlraistentia
771 4553 800 4597 et
821 4545 938 4597 realiter
956 4560 973 4596 a
993 4543 1137 4611 principio
1158 4544 1338 4610 producente
1362 4541 1406 4596 di·

154 4631 161 4642 ·
228 4624 340 4690 eritrea,
362 4639 420 4678 non
440 4633 538 4678 trrrnon
558 4624 667 4678 idcirco
686 4630 836 4679 teneretur
854 4625 1007 4678 admittere
1027 4632 1085 4676 tres
1099 4638 1258 4691 personrm3
1280 4623 1339 4678 imo
1351 4637 1406 4676 an·
