3067 5400
177 556 222 623 88
245 573 493 623 antiitrsssnat
512 574 606 623 scat
630 574 664 621 lx
688 574 757 621 ΒΕΘ
781 572 995 621 PESONARUM
1019 572 1313 623 euocasstottm

175 698 247 765 quia
266 696 303 749 ad
317 698 510 750 mutationem
523 711 582 749 non
596 696 715 751 suffieit.
729 694 809 763 quod
822 692 937 773 aliquid
951 694 992 747 ita
1002 692 1115 747 habeat
1129 708 1203 749 esse
1219 694 1369 751 mediante

175 778 287 845 aliquo,
308 786 342 830 nt
360 778 425 829 ¹-rine
443 792 478 828 eo
498 792 599 829 revera
618 791 678 828 non
697 784 794 835 esset:
814 774 865 828 sed
885 772 964 827 ultra
984 773 1166 842 requiritur,
1191 776 1281 845 quod
1301 774 1372 831 iliud

176 872 241 911 esse
261 858 388 925 potnerit
401 872 459 909 non
474 857 592 911 babere.
613 866 642 909 et
663 857 784 924 insuper
802 854 882 923 quod
902 852 977 907 iilud
1004 854 1148 923 accipere
1172 858 1315 925 potuerit
1341 858 1373 911 ab

177 936 247 993 aiio.
268 952 357 1005 quam
377 938 414 989 ab
433 952 478 993 eo.
493 952 510 988 a
523 951 583 1004 quo
596 936 721 1004 aeeipit:
745 934 879 988 asenna
891 942 992 987 autem
1004 932 1111 987 divina
1126 950 1310 1007 numquam
1324 938 1374 991 tun

176 1019 242 1071 sine
262 1017 463 1086 productione.
484 1032 540 1069 nee
558 1016 624 1069 sine
645 1016 784 1075 Persona.
805 1030 894 1082 quarn
915 1013 1065 1067 mediante
1095 1015 1311 1083 productione
1330 1018 1374 1071 ba·

177 1098 252 1151 buit.
273 1113 327 1150 nee
348 1099 442 1165 potent
460 1112 525 1149 esse
544 1096 609 1149 sine,
628 1106 754 1163 utraque
774 1110 810 1149 ex
831 1094 901 1151 itta.
916 1104 946 1147 et
958 1104 1187 1161 consequenter
1208 1112 1275 1151 nou
1297 1097 1331 1153 tit
1343 1098 1375 1151 da

177 1192 236 1229 non
259 1178 385 1230 imbente
405 1177 527 1231 habens.
549 1176 674 1243 ideoque
703 1191 763 1228 non
784 1180 923 1228 mutatur.
944 1174 1046 1227 -Ad
1069 1178 1222 1243 quartam
1251 1177 1376 1249 deaque

174 1258 373 1326 prolatationem
395 1265 485 1325 negat
512 1256 674 1309 tuitionem:
693 1255 762 1309 lieet
793 1255 873 1307 enim
901 1254 1109 1323 generationi
1135 1258 1296 1312 creaturis
1322 1258 1376 1315 dut

178 1338 326 1405 importet.
339 1352 444 1405 nempe
458 1336 681 1405 productionem
695 1345 724 1389 et
739 1336 943 1401 mutationem,
956 1333 1154 1389 nihilominus
1168 1338 1376 1393 essentialiter

177 1424 222 1470 est
241 1417 406 1485 productio,
421 1426 450 1470 et
464 1426 580 1470 tantiam
601 1431 653 1483 per
671 1416 811 1469 aeeidens
831 1416 1024 1469 mutationem
1044 1414 1201 1471 involtit:
1222 1419 1313 1475 unde
1332 1434 1375 1489 pa·

178 1505 235 1551 test
254 1511 320 1549 esse
339 1512 408 1549 vera
427 1496 590 1565 «generatio,
611 1496 662 1549 nbi
682 1508 726 1549 est
746 1512 815 1550 vera
836 1495 991 1564 productio
1012 1495 1042 1548 in
1061 1496 1310 1553 similitudinem
1330 1516 1375 1553 na·

177 1586 263 1631 turae.
285 1577 339 1629 etsi
361 1577 554 1630 mutationem
575 1591 635 1629 non
656 1576 803 1645 importet.
824 1584 858 1629 ut
876 1578 908 1628 tit
928 1576 958 1628 in
977 1574 1098 1630 ditinis

232 1656 549 1710 (tarantasiensis
578 1656 734 1725 prodnetio
763 1656 900 1724 importat
919 1654 1150 1724 dependentium
1183 1659 1333 1727 producti
1358 1674 1374 1713 a

178 1737 379 1807 producente:
399 1736 451 1789 sed
472 1737 501 1789 in
515 1736 626 1789 divinis
640 1736 725 1789 nulia
739 1743 832 1805 potest
846 1750 911 1788 esse
924 1734 1139 1804 dependentia:
1160 1740 1273 1793 omnia
1295 1755 1373 1795 uatu-

177 1833 237 1885 qne
256 1832 372 1869 summe
391 1824 462 1869 sunt
481 1816 628 1884 aequalia:
649 1831 720 1884 ergo
745 1832 800 1869 nee
830 1815 992 1884 produetio.
1024 1814 1172 1870 Probatur
1203 1822 1321 1887 mnjor:
1349 1821 1372 1873 ai

95 1912 98 1919 ·
178 1897 354 1965 productum
375 1912 433 1949 non
453 1896 633 1964 dependeret
650 1912 668 1947 a
688 1896 878 1964 produeente,
895 1904 1055 1963 atrumque
1074 1910 1112 1949 ex
1131 1912 1224 1965 aequo
1245 1900 1370 1955 baberet

178 1986 327 2030 naturam.
343 1986 372 2029 et
385 1982 600 2043 consequenter
618 1976 794 2043 prodnetnm
810 1991 868 2028 non
882 1976 1023 2044 exigeret,
1039 1984 1072 2028 ut
1092 1976 1269 2044 producens
1290 1982 1371 2049 prius

180 2056 302 2109 haberet
322 2066 468 2119 naturam,
489 2062 637 2123 quatenns
658 2055 739 2108 iliam
759 2057 797 2109 ab
816 2072 850 2108 eo
869 2055 1116 2123 aeeiperet3quod
1136 2064 1183 2110 est
1203 2066 1316 2114 eontra
1329 2076 1370 2113 ra-

179 2136 291 2191 tionem
313 2136 464 2188 termolem
485 2136 707 2203 productionis:
726 2151 807 2205 ergo,
828 2144 884 2188 ete.
900 2137 1054 2202 -Nagat
1078 2138 1231 2203 maiorem
1254 2138 1368 2196 Ductor

182 2216 292 2269 ibidem
314 2232 342 2268 n.
367 2214 420 2277 ta,
436 2224 464 2268 et
479 2215 560 2267 iliius
579 2216 780 2283 probationem
801 2215 979 2283 distinguit:
1008 2216 1032 2267 si
1062 2230 1187 2283 persona
1220 2220 1368 2287 producta

180 2311 240 2349 non
261 2294 441 2361 ‹tenenderet
460 2310 478 2346 a
496 2294 687 2363 prodneente‚
708 2302 834 2363 utraque
853 2311 890 2347 ex
910 2310 995 2363 aequo
1009 2296 1129 2349 baberet
1142 2304 1299 2365 naturam,
1315 2300 1368 2353 boa

179 2384 234 2429 est.
258 2376 377 2426 haberet
397 2374 509 2441 absque
528 2374 591 2427 ulia
611 2374 807 2442 dependentia
830 2375 899 2428 reali
929 2377 1020 2429 unius
1048 2375 1085 2427 ab
1113 2375 1183 2443 alia,
1205 2378 1367 2434 coneedit:

180 2454 301 2507 iraiwret
320 2460 446 2521 utraque
466 2468 484 2506 a
501 2456 608 2522 seipsa,
629 2469 689 2506 non
709 2470 779 2508 vero
792 2470 853 2508 nna
866 2456 903 2506 ab
916 2455 985 2517 alia,
1000 2466 1107 2523 negat:
1128 2458 1271 2523 quamtis
1285 2460 1366 2514 enim

179 2549 241 2587 una
263 2534 393 2587 Persona
411 2534 514 2587 divina
533 2550 592 2588 non
613 2534 778 2602 dependeat
803 2536 840 2587 ab
866 2535 968 2591 altera.
990 2535 1185 2589 nibilominus
1214 2538 1316 2607 exigit
1334 2546 1365 2595 ut

181 2628 307 2681 persona
327 2613 492 2681 produeens
512 2615 594 2683 prius
614 2614 720 2667 habeat
740 2622 875 2668 naturam
890 2615 1022 2667 divinam
1037 2615 1074 2667 ad
1087 2630 1119 2667 se
1132 2613 1366 2673 determinatam

182 2693 334 2762 prioritate
353 2694 487 2764 originis,
502 2711 591 2763 quam
605 2693 820 2750 determinetur
838 2695 874 2748 ad
895 2694 1084 2764 productam:
1099 2696 1161 2750 baee
1175 2703 1279 2752 autem
1294 2716 1365 2769 prae·

179 2775 331 2842 exigentia
346 2776 440 2844 magis
453 2785 497 2829 est
511 2776 735 2843 prraesup›1›ositio
754 2776 844 2828 nnius
865 2791 996 2844 personae
1016 2776 1052 2828 ad
1072 2776 1173 2838 aliam,
1195 2793 1289 2846 quarn
1316 2781 1365 2834 de·

180 2854 338 2922 pendentia
359 2856 448 2908 unius
468 2857 505 2907 ab
525 2855 593 2908 alia.
615 2863 648 2908 ut-
668 2855 762 2907 tnsius
782 2855 998 2923 explicabimus
1023 2856 1139 2924 agerrdo
1168 2856 1204 2911 da
1234 2861 1364 2915 consub-

178 2934 374 2988 stantialitate
393 2942 423 2988 et
441 2936 611 3003 equalitate
631 2935 801 2987 divinarum
823 2935 1028 2988 Personarum.

234 3015 425 3068 (italicensi).
449 3015 553 3068 Plures
573 3015 760 3076 mutationes,
783 3031 848 3082 qua·
878 3021 990 3068 tantam
1017 3016 1270 3083 impertae-tionem
1302 3036 1363 3075 uon

180 3094 349 3160 intonant,
369 3105 511 3163 quarrtam
533 3095 658 3148 involvit
677 3096 839 3162 generatio.
861 3103 1015 3162 nequeunt
1027 3111 1091 3149 esse
1105 3096 1134 3148 in
1149 3096 1274 3151 divinis:
1289 3115 1363 3170 ergo

180 3174 274 3227 multo
294 3175 388 3244 tnagis
409 3176 439 3228 in
459 3175 569 3227 divinis
589 3176 692 3242 nequit
712 3190 776 3228 esse
796 3176 967 3244 generatio:
987 3175 1038 3228 sed
1058 3177 1083 3228 si
1104 3176 1187 3228 nulia
1212 3177 1254 3232 sit
1272 3195 1364 3248 gene-

181 3254 254 3307 ratio
275 3255 303 3307 in
323 3254 443 3310 divinis.
460 3254 544 3307 nnila
557 3254 646 3307 etiam
662 3254 766 3322 poterit
781 3270 844 3308 esse
858 3255 999 3322 spiratio:
1021 3270 1091 3324 ergo
1105 3257 1135 3308 in
1150 3255 1263 3311 divinis
1277 3260 1366 3315 nulia

178 3335 235 3388 erit
253 3335 416 3403 productio.
440 3335 584 3389 Probatur
596 3335 783 3387 ariter-edens:
799 3350 853 3387 nee
868 3334 949 3394 iatio,
964 3351 1016 3388 seu
1032 3337 1156 3389 mutatio
1170 3336 1286 3398 locatis,
1309 3355 1366 3396 nee

178 3414 272 3467 altera
293 3417 377 3480 ratio,
398 3417 453 3468 hoe
471 3421 516 3469 est
536 3415 660 3468 mutatio
678 3414 715 3466 ad
736 3413 921 3482 qualitatem,
944 3424 1067 3483 possunt
1085 3431 1148 3469 esse
1177 3417 1208 3469 iu
1228 3417 1365 3476 divinis:

178 3493 231 3546 sed
260 3494 304 3546 ha·
334 3495 511 3548 mutationes
532 3510 590 3547 non
610 3499 721 3546 tantam
744 3494 901 3547 involvunt
929 3496 1190 3563 imperfectionem,
1216 3505 1365 3564 quantam

178 3574 331 3642 generatio
351 3575 498 3642 importat.
520 3581 552 3627 ut
572 3579 652 3642 patet
672 3589 708 3627 ex
728 3589 762 3626 eo
788 3575 866 3642 qnod
895 3575 979 3643 plura
1008 3576 1088 3628 entia
1116 3577 1257 3644 perieeta
1280 3593 1310 3633 v.
1332 3597 1364 3650 g.

179 3651 252 3706 con
273 3660 303 3706 et
321 3653 430 3722 Angeii
452 3654 563 3706 inmani
583 3656 707 3722 possunt
727 3653 869 3716 ioeaiiter‚
891 3671 957 3721 qnae
978 3661 1076 3708 tamen
1097 3670 1156 3707 nou
1171 3667 1299 3723 possunt
1311 3673 1367 3728 ge.-

180 3733 287 3786 nerari.
309 3763 343 3771 —-
362 3735 538 3800 Distinguit
556 3749 743 3797 consequens
763 3733 873 3786 Doctor
893 3734 1022 3787 ibidem:
1043 3750 1102 3787 non
1123 3741 1299 3802 potestesse
1312 3755 1366 3808 ge·

180 3813 292 3866 naratio
312 3813 342 3865 in
361 3813 482 3878 divinis,
503 3823 651 3881 quaetenus·
664 3813 736 3866 dieit
756 3813 1019 3880 irnperseetione.rn‚
1034 3814 1189 3867 eoneedit:
1210 3821 1365 3883 quatenus

178 3892 252 3945 dieit
271 3892 504 3960 produetionem,
525 3901 634 3961 negat:
656 3894 809 3960 generatio
828 3895 908 3946 enim
929 3895 1110 3946 considerari
1131 3901 1236 3962 potest.
1252 3897 1364 3966 utjam

178 3971 319 4027 diximus.
341 3973 386 4023 rei
407 3973 570 4027 seeundum
594 3974 736 4026 rationem
751 3974 935 4034 enuntiantis,
950 3990 1017 4042 qtae
1038 3981 1179 4027 connotat
1200 3978 1364 4032 transitum

179 4069 197 4104 a
217 4067 275 4104 non
295 4069 358 4104 esse
372 4053 408 4105 ad
422 4068 497 4110 esse.
512 4053 558 4104 vei
574 4053 739 4106 seeundum
755 4054 897 4106 rationem
913 4055 1124 4121 productionis,
1140 4069 1206 4122 quie
1220 4067 1368 4112 eonnotat

178 4132 375 4186 substantiam
396 4133 591 4200 prednetam:
612 4133 700 4200 priori
722 4132 808 4185 modo
827 4149 911 4200 teque
941 4143 1088 4203 repugnat
1118 4135 1146 4186 in
1177 4134 1301 4204 divinis,
1326 4153 1366 4192 ae

179 4219 293 4265 eet-terte
314 4214 511 4276 mutationes3
533 4226 591 4264 non
611 4227 681 4265 vero
701 4213 863 4281 posteriori,
885 4215 957 4281 quia
977 4229 1102 4282 persona
1128 4215 1272 4282 producta
1303 4233 1365 4272 non

181 4294 286 4345 transit
305 4309 321 4344 a
341 4308 400 4345 non
414 4307 478 4346 esse
491 4292 529 4344 ad
542 4307 617 4354 esse,
631 4293 683 4344 sed
703 4307 755 4361 per
768 4294 814 4345 sui
836 4293 1057 4361 produnt-ionem
1078 4295 1189 4363 accipit
1209 4295 1287 4350 idem
1301 4311 1366 4352 otn-

180 4372 252 4424 nino
264 4389 329 4426 esse·-
342 4389 409 4426 eum
424 4372 570 4442 principio
583 4372 773 4439 producente.

234 4453 380 4508 tinniat-:s
399 4451 529 4521 denique
547 4461 665 4505 sanctos
687 4452 798 4518 Patres3
820 4453 1054 4522 primoquidem
1074 4460 1210 4508 sanetum
1231 4453 1366 4526 Epipha-

179 4531 263 4585 nium
284 4532 386 4586 haeresi
405 4531 451 4586 ta.
465 4533 517 4600 qni
533 4531 641 4585 i'iiinm
655 4535 742 4585 vocat
755 4533 928 4594 rirttotbeon,
943 4533 1022 4601 quod
1037 4534 1167 4588 haemttei
1183 4535 1367 4594 Arctoam

179 4611 415 4680 innrpretantur
426 4627 443 4665 a
456 4611 553 4680 seipso
567 4611 724 4666 essentiam
740 4611 857 4666 habere.
870 4611 986 4667 Deinde
996 4611 1027 4666 S.
1039 4611 1168 4684 August.
1184 4615 1216 4668 in
1231 4613 1281 4670 Pu.
1297 4617 1362 4674 toa.
