3067 5400
686 602 737 625 ..-
816 604 821 609 -
1854 599 1862 618 ιν

654 630 715 685 ,Ι
802 638 895 709 ΙΙ,-

428 790 559 861 178
628 808 809 859 raas
830 756 1019 859 sum
1040 760 1571 859 sesemen-rue
1591 778 1980 897 naua-riva:
2001 802 2096 857 ιτ
2119 804 2272 859 um
2295 760 2696 859 Ausonum.
2799 818 2804 823 ·

534 928 1111 991 corollarium
1138 930 1295 987 111.
1320 960 1394 971 -·
1416 928 1680 987 Infermr
1701 930 1758 986 8.
1785 928 2026 987 Patrem
2047 928 2328 995 divinum
2351 944 2474 985 non
2497 930 2785 987 constitui

428 1026 535 1081 per
582 1012 867 1067 rationem
916 1010 1183 1081 ingeniti,
1224 1010 1333 1066 sed
1368 1025 1474 1080 per
1526 1010 1876 1067 relationem
1911 1008 2297 1065 Paternitatis
2313 1050 2330 1078 ,
2369 1010 2534 1079 quia,
2585 1009 2788 1080 inquit

426 1090 647 1147 Doctor
680 1091 745 1145 in
782 1090 835 1145 1.
862 1090 1000 1146 dist.
1030 1090 1119 1145 28.
1148 1106 1207 1161 q.
1237 1090 1291 1145 2.
1334 1106 1501 1145 num.
1534 1090 1648 1155 11„
1677 1090 2016 1161 ingenitum
2055 1089 2204 1145 dicit
2241 1088 2567 1145 formaliter
2607 1104 2792 1161 nega-

426 1172 691 1227 tionemz
730 1170 835 1225 sed
870 1170 1080 1225 divina
1116 1184 1368 1241 persona
1404 1184 1525 1225 non
1563 1175 1760 1241 potest
1783 1168 2111 1225 formaliter
2147 1170 2432 1225 constitui
2469 1184 2575 1239 per
2609 1184 2792 1242 nega,-

425 1250 686 1307 tionem:
726 1266 868 1321 ergo
884 1290 899 1319 ,
940 1256 1052 1307 etc.
1094 1250 1299 1319 Μαίον’
1334 1256 1517 1321 patet,
1557 1250 1900 1321 ingenitum
1945 1250 2110 1305 enim
2159 1254 2252 1305 est
2285 1250 2529 1320 negatio
2574 1250 2786 1321 geniti.

426 1330 721 1385 Mittere-m
758 1332 967 1401 probat
1000 1329 1242 1385 Doctor:
1283 1330 1455 1385 nulla
1488 1330 1731 1401 negatio
1767 1332 1962 1399 potest
2011 1342 2148 1385 esee
2181 1328 2259 1385 de
2289 1337 2360 1385 se
2395 1330 2790 1385 incommuni-

426 1411 680 1478 cabilis;
738 1410 853 1467 sed
880 1408 1057 1467 debet
1088 1424 1223 1467 cese
1258 1408 1844 1466 incommunicabilis
1879 1408 2110 1465 radone
2141 1406 2390 1465 alterius
2411 1426 2430 1463 ε
2485 1424 2630 1481 ergo
2666 1425 2788 1465 non

428 1494 619 1563 potest
644 1490 879 1545 efficere
912 1504 1021 1561 per
1052 1502 1121 1545 ee
1154 1504 1469 1561 personam
1492 1488 2142 1558 incommunicabilem,
2167 1488 2276 1545 aed
2299 1493 2535 1545 tantum
2561 1489 2792 1545 ratione

426 1570 678 1626 alterius
714 1568 1321 1639 incommunicabilis,
1360 1568 1461 1625 cui
1498 1570 1694 1625 inest:
1743 1572 1808 1625 at
1839 1566 1994 1623 nihil
2029 1572 2124 1625 eet
2155 1568 2226 1623 in
2259 1570 2520 1624 essentia
2556 1568 2784 1637 divina,

426 1650 587 1720 qnod
622 1650 703 1705 sit
736 1648 1303 1705 incommunicabile
1330 1666 1349 1703 ε
1384 1664 1529 1721 ergo
1585 1648 1758 1705 nulla
1811 1648 2054 1719 negatio
2105 1662 2248 1703 cum
2284 1648 2544 1703 essentia
2577 1648 2788 1705 divina

426 1734 622 1801 potest
658 1728 1019 1785 constituere
1052 1742 1387 1799 personam.
1427 1759 1501 1769 —-
1541 1712 1964 1799 Οοπίὶνπιαιιιτ,
2004 1732 2066 1783 et
2100 1727 2441 1797 pmcedens
2479 1729 2628 1784 ratio
2666 1744 2787 1784 ma-

428 1810 523 1881 gis
576 1808 948 1865 illustratur:
990 1808 1055 1863 in
1091 1808 1285 1879 prima
1320 1808 1584 1864 Persona
1618 1808 1828 1863 divina
1861 1808 2039 1864 debet
2070 1821 2203 1863 esse
2238 1808 2480 1878 negatio
2525 1823 2791 1863 commu-

428 1888 819 1944 nicabilitatis
857 1888 1270 1957 inseparabilis
1307 1905 1345 1943 a
1378 1903 1489 1943 suo
1526 1888 1948 1956 fundamento,
1987 1891 2050 1942 et
2085 1887 2340 1943 reddens
2389 1887 2540 1942 illud
2579 1888 2790 1943 funda-

434 1973 703 2025 mentum
740 1968 983 2023 0mnin0
1022 1967 1584 2024 incommunicabile
1621 1972 1742 2023 tam
1781 1968 2116 2035 actualiter,
2156 1982 2338 2037 quam
2382 1967 2790 2037 aptitudinali-

276 2022 283 2035 Ι
346 2102 367 2111 ,,
430 2054 540 2115 ter,
582 2054 642 2104 et
678 2047 1173 2115 obedientialiter,
1208 2048 1355 2117 quia
1389 2030 1878 2119 persona‘divina
1902 2048 2081 2103 habet
2105 2048 2564 2117 repugnantiam
2589 2048 2668 2101 ad
2692 2049 2790 2103 sui

430 2128 1063 2183 communicationem:
1120 2127 1226 2183 sed
1264 2126 1418 2183 illud
1455 2127 1913 2183 fundamentum
1950 2142 2072 2181 non
2109 2131 2201 2182 est
2247 2128 2507 2183 essentia
2542 2126 2789 2195 divina3

430 2222 543 2263 nec
580 2207 824 2277 aliquod
860 2206 1199 2263 absolutum
1237 2221 1557 2263 commune
1585 2208 1778 2263 tribus
1802 2206 2120 2262 Personis:
2158 2221 2302 2277 ergo
2328 2207 2505 2263 debet
2527 2222 2660 2262 esse
2683 2208 2790 2263 ali·

430 2289 592 2359 quod
628 2287 781 2343 illud
818 2287 1139 2358 positivum
1179 2288 1540 2353 absolutum,
1581 2287 1743 2357 quod
1777 2288 1857 2342 sit
1899 2287 2374 2354 constitutivum,
2402 2292 2464 2343 et
2497 2288 2791 2343 distincti-

430 2384 575 2423 vum
616 2368 819 2437 primae
855 2382 1143 2437 personae.
1184 2366 1343 2437 Ergo
1379 2367 1572 2437 prima
1608 2366 1872 2422 Persona
1906 2367 2234 2422 formaliter
2257 2382 2379 2421 non
2403 2367 2790 2423 constituitur

422 2462 538 2517 per
574 2448 955 2518 negationem
971 2488 985 2515 ,
1026 2447 1295 2517 adeoque
1330 2462 1443 2503 nec
1480 2462 1588 2516 per
1623 2448 1912 2503 rationem
1947 2447 2202 2517 ingeniti
2220 2487 2236 2511 ,
2277 2462 2413 2515 quae
2448 2454 2540 2503 est
2577 2448 2792 2503 forma·

435 2528 577 2594 liter:
608 2527 865 2596 negatio.

537 2606 888 2661 Bnroxrxr
925 2621 1145 2669 Amori
1172 2624 1188 2661 z
1228 2606 1537 2661 Rationem
1565 2606 1820 2679 ingeniti
1850 2621 1968 2659 non
1993 2621 2125 2661 esse
2149 2607 2528 2676 negationem
2556 2622 2791 2676 puram,

430 2692 493 2744 et
526 2685 879 2757 simplicem,
920 2686 1025 2742 sed
1062 2687 1382 2757 importare
1414 2686 1648 2757 aliquid
1687 2687 2032 2758 positivum,
2058 2702 2276 2756 nempe
2303 2687 2590 2742 rationem
2615 2687 2790 2757 primi

431 2767 730 2838 principii,
768 2773 829 2822 et
864 2767 1103 2822 fontalis
1138 2766 1527 2822 Divinitatis:
1567 2798 1640 2807 —
1674 2769 1795 2821 Sed
1821 2771 2049 2822 contra
2084 2767 2267 2821 instat
2302 2767 2524 2821 Doctor
2555 2766 2791 2830 Quodli-

430 2849 552 2902 beto
586 2848 621 2901 4
652 2864 667 2902 z
710 2848 857 2902 ratio
895 2847 1002 2901 illa
1036 2848 1213 2917 primi
1250 2848 1527 2918 principii
1585 2848 1887 2918 significat
1924 2847 2160 2902 Patrem
2209 2862 2342 2901 esse
2390 2861 2427 2900 a
2474 2862 2568 2914 se,
2609 2846 2792 2916 idque

432 2926 528 2982 vel
556 2926 842 2990 effective,
872 2925 1015 2995 quia
1051 2927 1179 2997 ipse
1214 2931 1304 2981 est
1340 2941 1523 2981 causa
1559 2927 1656 2980 sui
1693 2926 1904 2995 ipsius,
1935 2925 2028 2979 vel
2057 2931 2292 2980 tantum
2321 2927 2620 2995 negative,
2649 2926 2796 2995 quia

432 3021 644 3076 nempe
684 3006 920 3060 nullum
958 3007 1134 3062 habet
1170 3007 1530 3077 principium
1568 3007 1664 3061 sui
1695 3007 1933 3078 ipsius:
1973 3021 2095 3060 non
2132 3005 2412 3075 primum,
2437 3007 2582 3074 quia
2621 3022 2791 3076 repu-

431 3093 578 3156 gnat
627 3095 694 3141 ut
718 3086 949 3155 aliquid
986 3087 1066 3140 sit
1100 3090 1325 3153 auctor,
1354 3093 1414 3141 et
1450 3101 1632 3140 eausa
1671 3086 1764 3140 sui
1803 3101 1972 3154 esse3
2011 3084 2237 3154 alioqui
2275 3090 2431 3140 esset
2468 3091 2792 3155 antequam

431 3174 606 3226 esset.
638 3171 705 3222 ut
744 3166 966 3236 pluries
1004 3166 1122 3233 jam
1160 3166 1429 3220 dictum:
1468 3166 1522 3220 si
1560 3165 1914 3233 secundum,
1942 3180 2086 3234 ergo
2120 3180 2251 3220 esse
2287 3165 2546 3234 primum
2573 3167 2791 3235 princi-

306 3251 319 3264 ·
433 3246 599 3315 pium
637 3252 727 3301 est
764 3252 995 3301 tantum
1035 3246 1275 3315 neg-atio
1313 3245 1562 3300 alterius
1599 3246 1813 3315 prioris
1850 3245 2162 3315 principii,
2202 3245 2470 3313 adeoque
2525 3261 2647 3299 non
2701 3252 2794 3301 est

434 3326 661 3394 aliquid
713 3326 1053 3395 positivum.
1095 3325 1388 3390 ‚Sec-ande,
1430 3326 1480 3379 si
1537 3325 1876 3395 ingenitum
1934 3325 2093 3379 dicat
2147 3325 2377 3393 aliquid
2433 3325 2756 3394 positivum
2776 3366 2790 3392 ,

434 3407 693 3460 maxime
748 3404 842 3460 vei
901 3404 1131 3473 aliquid
1185 3405 1558 3472 absolutum,
1599 3405 1693 3458 vel
1739 3405 2094 3459 relativum:
2153 3405 2204 3457 si
2242 3404 2612 3472 absolutum,
2654 3421 2797 3475 ergo

436 3487 625 3555 prima
650 3500 903 3555 persona
939 3485 1320 3539 constituitur
1347 3500 1451 3554 per
1486 3485 1716 3553 aliquid
1755 3485 2117 3552 absolutum,
2147 3484 2307 3553 quod
2345 3486 2537 3539 sancti
2567 3485 2791 3550 Patres,

437 3572 496 3620 ct
537 3563 805 3619 Com-ilia
842 3564 1175 3634 denegant:
1216 3566 1267 3617 si
1308 3564 1646 3632 relativum,
1687 3565 1781 3618 vel
1823 3564 1930 3616 illa
1969 3564 2176 3618 relatio
2211 3571 2301 3618 est
2340 3565 2544 3618 eadem
2584 3566 2793 3618 forma·

435 3644 570 3699 liter
608 3660 745 3699 cum
785 3644 1169 3710 Paternitate,
1210 3651 1269 3699 et
1308 3645 1560 3698 habetur
1586 3644 1990 3714 propositum3
2029 3645 2125 3697 vel
2165 3650 2256 3697 est
2292 3645 2368 3697 ab
2406 3660 2479 3698 ea
2513 3644 2794 3699 distincta

434 3726 776 3790 formaliter,
818 3711 879 3778 et
936 3725 1024 3778 sic
1061 3730 1239 3779 erunt
1274 3724 1477 3794 plures
1515 3739 1694 3793 quam
1735 3729 1991 3793 quatuor
2042 3725 2359 3778 relationes
2397 3724 2790 3779 Personarum

435 3805 774 3858 divinarum
814 3805 1193 3870 distinctivis,
1236 3805 1394 3873 quod
1422 3804 1630 3858 nullus
1669 3803 2109 3873 Theologorum
2148 3804 2426 3859 admittit.
2481 3804 2666 3857 Tertio
2694 3804 2793 3856 de-

436 3885 618 3953 nique
657 3884 895 3938 ient-alis
936 3884 1039 3938 illa
1078 3885 1226 3939 ratio
1264 3885 1634 3952 Dix·initatiS‚
1676 3899 1810 3952 quae
1849 3888 1939 3938 est
1976 3885 2041 3938 in
2080 3884 2276 3952 Patre,
2318 3885 2413 3938 vel
2454 3889 2544 3938 est
2596 3900 2795 3938 essen-

358 3977 363 3984 ·
435 3965 540 4028 tia,
572 3964 663 4015 vol
708 3964 932 4018 relatio,
980 3962 1042 4016 Si
1087 3965 1364 4026 essentia,
1396 3979 1512 4017 non
1543 3969 1886 4032 potestesse
1911 3964 2317 4030 constitutiva,
2349 3971 2408 4016 et
2444 3963 2791 4019 distinctiva

438 4059 720 4112 personae:
761 4044 811 4096 si
855 4044 1077 4111 relatio,
1108 4044 1199 4097 vel
1242 4051 1332 4098 est
1370 4043 1725 4110 paternitas,
1757 4043 1851 4096 vel
1893 4059 1929 4095 a
1971 4043 2333 4097 paternitate
2377 4044 2696 4097 distincta:
2736 4049 2798 4097 et

434 4125 521 4176 sie
562 4124 808 4177 recurrit
844 4124 1003 4192 prior
1041 4124 1344 4178 instantia.
1388 4123 1720 4177 Fatendum
1748 4128 1836 4176 est
1864 4139 2007 4192 ergo
2032 4124 2285 4193 primam
2315 4139 2626 4192 personam
2659 4139 2796 4177 con·

434 4204 601 4257 stitui
644 4204 966 4258 formaliter
1001 4219 1106 4273 per
1142 4203 1591 4270 paternitatem,
1622 4218 1756 4271 quae
1797 4204 1858 4256 in
1897 4218 2006 4256 suo
2044 4210 2337 4272 conceptu
2377 4204 2606 4256 formali
2649 4203 2794 4256 rela-

436 4283 614 4337 tionis
641 4284 1041 4339 eonstitutivae
1067 4283 1239 4352 primi
1266 4283 1561 4353 suppositi
1612 4283 1889 4352 importat
1917 4284 2202 4337 rationem
2231 4284 2508 4352 ingeniti,
2532 4289 2592 4337 et
2619 4283 2792 4351 primi

436 4364 734 4432 principii,
776 4368 888 4417 etc.

1180 4467 1624 4546 QUAESTIO
1671 4468 2040 4538 TERTIA.

620 4575 727 4630 AN
765 4573 947 4630 SINT
984 4575 1067 4632 IN
1104 4573 1265 4631 1)Εο
1304 4571 1503 4630 TRES
1543 4571 2139 4630 SUBSISTENTIAE
2176 4573 2610 4630 RELATIVAE

936 4651 1465 4724 PERSONALES,
1506 4653 1612 4710 ΕΤ
1649 4652 1818 4712 UNA
1853 4653 2300 4710 ABSOLUTA.

534 4761 903 4820 Noraxmm
942 4763 994 4818 1.
1034 4761 1267 4819 Nomen
1300 4761 1692 4818 subsistentia
1743 4761 1842 4816 hic
1896 4763 2174 4833 usurpari
2211 4761 2292 4816 ad
2325 4761 2796 4832 significandum

392 4841 650 4900 :nodum
686 4843 999 4903 existendi
1036 4859 1149 4920 per
1180 4858 1271 4902 se.
1310 4841 1431 4900 Hic
1466 4847 1672 4918 autem
1702 4841 1962 4898 sumitur
1997 4841 2320 4912 dupliciter
2340 4859 2358 4896 ε
2399 4842 2590 4913 primo
2615 4849 2794 4912 prout
