3067 5400
177 792 245 855 tot
548 810 592 857 oc
617 810 832 859 rocosrnrc
858 812 986 863 nivino.

179 942 306 999 serepat.
327 932 406 999 quod
426 930 514 1001 priori
535 940 736 1001 proponant-ur
763 936 884 1001 irretire,
905 936 1014 1005 quibus
1033 956 1096 991 sese.
1121 940 1298 997 determinet
1315 944 1352 995 ad

180 1012 362 1079 operandum
383 1011 491 1067 taliter.
505 1019 557 1065 aut
576 1012 685 1067 taliter.
705 1014 781 1067 eirea
803 1015 871 1083 taio,
886 1024 938 1070 aut
952 1017 1010 1073 tale
1022 1018 1179 1083 oirieetum.
1199 1020 1350 1075 Posteriori

182 1108 252 1145 vero
271 1107 330 1144 non
352 1092 401 1147 ita:
422 1092 473 1145 sed
494 1092 621 1145 naturali
642 1108 696 1146 suo
715 1094 843 1163 pondere
862 1102 890 1149 et
912 1096 1041 1163 ingenita
1056 1099 1217 1157 aerisitate.
1242 1103 1352 1169 rdrsque

179 1172 241 1225 ulia
260 1172 483 1229 deliberatione.
503 1178 683 1241 operat-uret
695 1173 725 1226 in
745 1174 892 1239 olpertum
913 1192 998 1230 suum
1020 1180 1123 1233 temiit.

235 1252 283 1305 Dn
296 1268 332 1305 ns
352 1252 378 1305 l:
402 1252 540 1305 Liberum
560 1263 589 1306 et
607 1255 805 1307 necessarium
827 1264 1026 1325 opponuntur:
1046 1276 1116 1327 erpo
1135 1262 1158 1313 si
1175 1262 1255 1315 iteus
1269 1278 1351 1315 suam

178 1334 339 1387 bonitatem
359 1339 438 1386 ornat
459 1333 634 1391 necessario,
648 1350 708 1385 non
727 1342 807 1387 amat
830 1335 929 1389 liirere.
959 1368 993 1375 —
1021 1340 1228 1407 Distinguunt
1255 1343 1350 1407 aliqui

176 1416 370 1467 antecedens:
401 1414 598 1465 necessarium
627 1415 786 1482 opponitur
806 1415 896 1469 libero
928 1418 1023 1485 quoad
1044 1421 1291 1487 speeiiieationem
1323 1434 1350 1475 et

180 1494 367 1560 ‹merri-itium,
395 1492 578 1555 eoru-edunt3
604 1495 762 1561 opponitur
794 1495 884 1549 iiirero
915 1498 1119 1565 essentialiter,
1151 1508 1271 1571 negant.
1300 1501 1351 1553 i'e·

181 1590 244 1628 rmn
268 1574 375 1626 Doctor-
394 1572 527 1625 airsoiute
547 1580 636 1641 negm
657 1576 845 1629 irrueredens:
870 1576 994 1629 idaeum
1021 1580 1098 1631 enim
1125 1582 1284 1649 opponitur
1302 1596 1351 1633 ne-

177 1655 266 1708 turaii
294 1652 402 1721 agendi
423 1652 518 1719 modo,
532 1658 561 1707 ot
574 1654 771 1707 noi-essarium
793 1658 950 1724 opponitur
968 1660 1162 1725 continuentir
1183 1661 1257 1714 etsi
1275 1678 1350 1731 ‹pire-

181 1752 240 1799 ros‚
263 1734 359 1802 inquit
381 1732 487 1785 {loct-or
514 1748 602 1801 supra
632 1733 780 1801 laudatus,
810 1738 951 1803 pirri-nimio
978 1742 1053 1789 sien-r
1081 1740 1170 1807 possit
1201 1742 1350 1794 tarassiam

178 1832 244 1868 erem
266 1812 414 1867 libertate?
434 1812 600 1881 Respondet
611 1814 777 1867 seeundum
790 1814 1013 1884 Philosophum.
1034 1822 1059 1872 a.
1078 1820 1204 1889 tterapn.
1220 1838 1284 1889 eap.
1306 1822 1350 1887 at,

178 1897 244 1949 Xon
265 1914 324 1945 rsa·
342 1894 529 1963 preterendum
552 1893 690 1946 radiorum
720 1912 818 1946 eoru-m
839 1914 962 1964 peirn-nm
986 1916 1041 1950 narn
1062 1904 1102 1951 rs!
1124 1902 1205 1957 ririio.
1235 1903 1351 1953 ‹ierrron-

177 1976 281 2029 atridio
307 1974 385 2027 eni-in
414 1973 557 2047 primipii
582 1990 638 2027 non
661 1978 703 2027 esi
720 1976 939 2029 dernensiruiio:
960 1977 999 2029 iio
1022 1980 1177 2033 rid-erulam
1207 1982 1254 2033 liic
1281 1982 1349 2049 qnia

181 2056 257 2109 sieut
277 2055 332 2107 isio
351 2056 512 2123 propositio
530 2058 570 2105 esi
591 2054 760 2106 irunredirdo
780 2060 806 2107 et
826 2058 995 2113 incessui-ia.
1017 2060 1154 2114 voluntas
1173 2061 1275 2114 divina
1289 2062 1353 2115 tuit

180 2138 340 2191 bonitatem
360 2150 462 2199 suant;
484 2153 533 2185 nee
560 2138 601 2185 esi
628 2135 688 2185 oliti
718 2136 792 2185 radio
821 2136 879 2188 nisi
906 2138 975 2205 puin
1004 2140 1063 2189 lna·
1090 2143 1130 2189 esi
1159 2142 1226 2191 iniis
1255 2144 1350 2195 inlun-

181 2220 236 2277 ids,
251 2219 276 2265 ei
290 2216 341 2269 ida
362 2216 430 2268 iulia
448 2219 488 2265 esi
507 2214 630 2267 Iunilius:
650 2216 691 2265 sir·
712 2218 845 2267 rotandis·
864 2216 965 2269 ‹it'ru'nn
985 2220 1181 2285 raririinperrirr·
1202 2225 1260 2274 ruli
1274 2224 1350 2275 imni-

178 2297 233 2349 tnir'
250 2314 312 2349 suu·
330 2296 542 2349 ordinationem
563 2294 684 2346 alieuius
702 2296 781 2349 doni:
795 2313 851 2347 non
871 2296 931 2347 alin
947 2298 1064 2353 ratione.
1080 2301 1137 2350 nisi
1150 2301 1219 2369 puio
1234 2304 1351 2355 ostiolis

185 2378 329 2431 rolnntus.
345 2378 370 2425 et
384 2376 460 2427 illud
478 2378 518 2425 est
538 2376 593 2426 mle
612 2376 730 2427 dormio.
752 2375 877 2441 subiicit
891 2386 987 2429 tamen
1005 2380 1078 2431 itane
1094 2382 1246 2447 rationem,
1261 2399 1352 2450 quare

184 2457 288 2510 divina
302 2457 422 2509 libertas
433 2456 520 2508 simul
536 2456 574 2508 sit
587 2469 654 2507 cnm
670 2458 835 2509 rna-essurio
849 2476 864 2505 e
875 2473 972 2509 amore
985 2459 1093 2511 diuina·
1108 2462 1257 2523 honitatis;
1272 2464 1351 2531 quia,

180 2537 318 2604 «inquit,
347 2535 486 2588 voluntas
516 2536 631 2589 iniinita
662 2536 828 2588 rmeessario
860 2536 945 2589 liniret
963 2535 1070 2609 {aretum
1101 2542 1178 2593 eirea
1205 2542 1352 2607 objectum

181 2618 371 2675 «intinitum,
401 2616 472 2682 quio
500 2616 554 2667 hoc
573 2624 618 2668 est
636 2629 753 2667 summa
781 2618 920 2683 mrito-tio
952 2619 979 2670 in
1015 2620 1077 2686 ipsa
1107 2621 1270 2679 uoluntate:
1305 2624 1351 2675 lra-

179 2719 193 2742 e
207 2699 255 2752 iret
274 2707 373 2750 autem
393 2705 491 2750 rutum
513 2712 570 2748 non
591 2696 800 2753 necessarium.
822 2697 872 2748 sed
894 2698 1016 2752 idun-nm
1037 2702 1113 2753 eirea
1127 2702 1273 2768 olpertum
1290 2707 1350 2756 tini-

180 2801 193 2824 «
210 2785 273 2831 tum
293 2777 460 2831 ordinatum
480 2777 516 2830 ad
538 2778 630 2846 ipsam
650 2777 781 2829 divinam
797 2778 967 2842 bonitatem:¹
982 2791 1011 2832 et
1024 2795 1246 2848 eorrsiaprenter.
1264 2785 1293 2837 in
1307 2801 1352 2836 eo-

180 2879 193 2908 r·
208 2859 275 2912 dem
295 2865 363 2912 actu
384 2873 443 2926 quo
462 2873 546 2910 ¹surun
566 2857 725 2910 bonitatem
740 2857 840 2926 diligit
852 2867 881 2911 et
894 2865 998 2912 catera
1013 2861 1111 2928 dilicit
1125 2873 1242 2930 propter
1261 2865 1351 2922 illam.

179 2967 193 2990 e
206 2951 251 2994 est
271 2939 360 2992 simul
382 2938 543 2991 necessitas
561 2953 629 2990 eum
651 2936 793 2990 iiinutate.
809 2937 900 2990 Addit
919 2941 995 3006 ‹purrd
1011 2941 1085 2992 sinn
1107 2957 1198 3010 aperis
1219 2945 1353 2996 naturale

184 3027 306 3090 «potest
326 3019 488 3086 aliquando
507 3018 714 3086 contingenter
733 3032 831 3086 agere,
852 3019 922 3084 «pria
942 3034 1046 3086 nempe
1061 3021 1194 3088 impediri
1210 3031 1304 3091 potest
1317 3025 1354 3077 ab

180 3101 311 3168 «aliqua
330 3115 420 3151 eausa
439 3099 615 3158 extrinseeru
638 3097 676 3150 ita
696 3097 758 3164 pari
782 3097 893 3150 rationo
912 3113 1004 3164 opens
1020 3099 1142 3152 liberum
1157 3118 1244 3169 agere
1260 3113 1355 3172 potest

185 3202 198 3224 «ι
213 3178 389 3232 necessario,
399 3177 468 3244 quia
480 3177 668 3228 determinari
682 3184 778 3243 potest
791 3191 819 3227 m
830 3177 956 3227 cessario
969 3177 1004 3228 ad
1018 3179 1162 3232 actionem
1178 3197 1230 3248 per
1239 3182 1351 3250 aliquid

177 3259 412 3312 «extrinsecum.
427 3277 442 3306 ι)

235 3339 333 3390 Utens
353 3339 379 3390 2:
400 3337 455 3390 liin
483 3337 602 3388 lineatas
627 3335 794 3387 essentialis
814 3335 859 3385 rel
881 3345 938 3388 stat
966 3337 993 3388 in
1022 3338 1297 3394 irnleterminutione.
1317 3343 1353 3396 ad

176 3419 337 3488 agendum.
358 3417 404 3470 vel
427 3419 456 3469 in
477 3416 607 3468 dominio
625 3416 670 3467 sui
691 3419 790 3468 actus:
810 3414 861 3467 sed
882 3430 947 3468 eum
970 3425 1073 3472 neutro
1095 3427 1186 3485 pot-est
1207 3430 1283 3474 stare
1305 3439 1351 3474 ne-

179 3501 300 3553 eessitas
320 3499 438 3558 amoris.
459 3512 518 3565 qrro
537 3496 619 3548 Deus
637 3511 721 3548 suam
742 3495 901 3548 bonitatem
917 3496 1031 3564 diligit:
1052 3515 1121 3566 erg-o
1136 3499 1179 3548 rei
1198 3500 1277 3553 iiiam
1294 3518 1350 3556 non

186 3580 285 3648 diligit
304 3579 481 3632 riecessurio.
502 3577 548 3629 rol
570 3592 628 3628 non
649 3575 748 3644 diligit
778 3575 877 3628 libero.
904 3575 1048 3628 Probatur
1068 3579 1179 3640 trierim-,¹
1205 3581 1250 3632 vel
1272 3585 1351 3634 enirn

182 3661 244 3729 ipsa
265 3659 425 3713 necessitas
445 3667 489 3712 est
508 3658 617 3726 prteria
637 3657 674 3709 ad
694 3658 839 3710 actionem
866 3656 1037 3710 voluntatis.
1061 3659 1096 3710 ita
1118 3661 1195 3726 qnod
1216 3663 1301 3715 radat
1322 3665 1349 3716 in

180 3741 364 3794 voluntatem
384 3755 473 3808 quam
495 3737 619 3806 impellit
641 3738 669 3789 in
689 3743 788 3790 aetum
808 3744 837 3788 ot
857 3736 1031 3789 determinat
1052 3741 1224 3794 incensario.
1240 3759 1273 3794 ac
1288 3745 1351 3811 tigit

183 3823 212 3872 in
233 3827 312 3873 aetii:
333 3821 379 3872 rel
401 3819 615 3872 concomitatur
635 3818 727 3884 ipsam
748 3816 930 3869 voluntatem
951 3827 1129 3884 operantem.
1146 3831 1173 3872 et
1188 3822 1229 3872 sie
1246 3823 1285 3874 itu
1305 3839 1351 3875 no·

183 3901 311 3952 cessario
341 3900 391 3950 illa
421 3899 558 3951 uoluntas
578 3899 608 3948 in
629 3896 777 3964 operando
805 3895 1026 3950 determinatur.
1049 3911 1078 3950 ut
1101 3915 1158 3950 non
1183 3905 1273 3968 possit
1293 3919 1351 3956 non

180 3995 279 4048 agere.
301 3996 354 4031 nec
374 3979 456 4032 alind
476 3994 579 4044 apere:
600 3977 650 4028 sed
671 3985 776 4028 neutro
796 3976 881 4027 modo
901 3975 962 4026 lma·
984 3979 1142 4030 umes-nas
1162 3993 1237 4033 stare
1260 3993 1353 4050 potest

187 4075 254 4110 enm
277 4059 420 4111 iiimrtate.
451 4057 515 4110 Non
545 4057 664 4124 quidem
684 4057 771 4124 priori
788 4055 882 4110 modo.
906 4057 974 4123 quia
997 4059 1038 4108 sie
1059 4059 1196 4112 rourum.-
1216 4069 1354 4130 ageretur

179 4141 274 4206 mapris
285 4152 374 4206 (ruam
386 4149 496 4204 ageret.
511 4149 541 4190 et
553 4137 808 4191 determinaretur.
825 4151 881 4186 non
896 4145 993 4188 irritem
1009 4155 1039 4186 se
1053 4139 1270 4194 deurminaret.
1288 4141 1352 4196 Non

186 4219 275 4272 etiam
297 4219 458 4287 posteriori.
480 4219 551 4286 orda
570 4218 610 4270 ibi
636 4217 720 4269 nulla
739 4225 782 4268 est
804 4216 932 4273 iiinrtas.
952 4217 1001 4268 uiri
1024 4217 1105 4270 nulla
1125 4230 1168 4273 est
1188 4221 1353 4276 diruantur

183 4300 220 4352 ad
240 4300 401 4370 agendum.
431 4299 477 4352 vei
505 4315 563 4351 non
583 4297 744 4365 agendunn
765 4296 811 4348 rei
833 4297 869 4348 ad
891 4297 943 4348 hoe
963 4299 1122 4364 agendum.
1144 4301 1189 4354 rel
1211 4303 1304 4355 aliud:
1325 4311 1354 4356 et

182 4384 400 4448 consequenter
418 4379 578 4432 necessitas
591 4377 684 4431 divini
699 4377 806 4428 amoris
820 4377 978 4430 consistere
994 4379 1094 4446 neeprit
1114 4396 1181 4432 eum
1202 4383 1352 4437 essentiali

182 4460 327 4514 libertate..
344 4489 377 4498 -
391 4461 497 4526 Neget
515 4461 663 4510 minorem
682 4457 791 4510 Doctor
806 4456 924 4522 ibidem,
939 4458 1038 4526 aitque
1053 4459 1132 4512 illam
1148 4463 1352 4517 necessitatem

178 4557 244 4592 esso
262 4541 509 4594 concomitantem
529 4545 638 4592 actum.
653 4553 712 4590 non
726 4547 825 4590 autem
840 4538 1080 4604 praevenientem.
1097 4540 1136 4594 ita
1149 4541 1227 4608 quod
1251 4544 1353 4596 i'rdrur·

178 4623 224 4672 ios
240 4623 360 4688 propter·
377 4619 546 4686 p'rnriiuteru
568 4617 707 4670 lituo-tatis
725 4633 787 4670 suu·
805 4617 860 4668 adri
879 4616 937 4684 ipat'
957 4619 1151 4674 ireressitidrm.
1170 4621 1303 4690 r'rnpunnri
1322 4623 1354 4676 in

179 4699 319 4752 eliciendo
336 4703 434 4752 cretton
455 4701 481 4750 el
500 4699 531 4750 in
549 4698 769 4766 persecet-undo,
795 4695 853 4748 sire
878 4697 993 4766 fipendo
1020 4717 1048 4748 se
1077 4699 1106 4750 in
1133 4703 1241 4754 ‹rr-inm.
1270 4701 1355 4756 uado

181 4778 298 4848 colligit
317 4780 532 4848 processionem
561 4775 689 4846 Spiritus
716 4777 811 4832 saneti
833 4793 898 4830 esso
919 4777 1052 4836 liberant.
1073 4781 1143 4848 quia
1163 4781 1354 4850 spirationem

180 4859 396 4914 concomitatur
414 4857 575 4914 necessitas
594 4869 707 4912 natura
728 4859 759 4912 in
778 4859 1024 4916 connnunieando
1045 4869 1178 4915 naturam
1207 4877 1257 4930 per
1276 4877 1355 4914 arno·
