3067 5400
512 594 557 642 DE
581 591 845 641 CONDlTIONATE
870 593 1032 643 FUTURlS.

176 736 242 773 rum
261 720 389 773 condit-io
409 733 560 785 nusquam
581 715 763 783 implebitur,
784 730 843 767 non
864 720 988 783 possunt
1016 716 1132 771 offieero
1153 720 1183 771 in
1205 722 1297 776 rebus
1316 722 1363 776 de-

175 801 263 854 eretis
282 800 413 868 aliquam
433 797 589 866 physicam
604 795 808 860 mutationem,
823 809 890 848 eum
912 795 979 849 talis
999 801 1136 850 ereatura
1149 798 1272 855 deero-ta
1293 818 1361 856 uus·

175 896 265 949 qnam
285 880 355 932 erit:
375 893 445 947 ergo
465 877 537 930 talia
561 876 680 929 decreta
708 878 779 928 sunt
798 875 1001 943 impossibilia.
1022 906 1058 915 -
1076 879 1167 945 Nego
1196 884 1361 948 majorem:

177 976 237 1013 non
256 960 334 1013 enim
355 974 476 1013 neeesse
496 961 541 1010 est
554 972 603 1024 qm
615 955 633 1007 d
648 956 751 1008 divina
770 955 918 1015 voluntas,
934 956 1130 1025 ‹lirinumque
1144 958 1300 1015 decretum
1320 964 1363 1015 in·

177 1042 251 1093 ierat
270 1039 400 1107 aliquam
422 1038 530 1091 realem
543 1043 573 1090 et
587 1036 739 1105 physicam
761 1035 951 1089 mutationem
967 1037 999 1089 in
1012 1042 1145 1090 ereatura
1160 1042 1195 1092 ut
1215 1040 1361 1111 adipsum

176 1120 293 1173 ‹lieatur
312 1121 402 1171 libera
422 1117 624 1179 (intermittant,
646 1115 684 1167 od
704 1116 733 1167 id
753 1115 833 1168 einm
853 1115 962 1170 suffieit
981 1117 1105 1169 mutatio
1125 1120 1258 1173 moralis.
1282 1122 1362 1176 lleus

176 1200 256 1253 enim
277 1200 372 1268 potnit
391 1199 428 1252 ab
447 1204 556 1251 aterno
577 1196 665 1261 velle,
687 1196 767 1263 quod
789 1195 875 1247 homo
893 1211 945 1263 pro
959 1196 1060 1264 aliquo
1079 1202 1212 1267 temporo
1231 1202 1272 1254 sit
1291 1203 1362 1256 obli·

175 1285 265 1349 gatus
275 1280 365 1332 relicui
380 1283 447 1331 voto
461 1285 512 1331 aut
526 1280 682 1345 praeopto,
695 1282 724 1329 et
737 1276 868 1328 irretitus
882 1275 982 1343 aliquo
998 1280 1080 1329 reatu
1092 1293 1207 1345 poma,
1223 1282 1361 1349 sequenti

176 1367 276 1414 atatem
296 1364 427 1427 tempore
440 1357 556 1411 salutm
570 1356 678 1409 exn-tat
697 1356 735 1409 ab
748 1356 794 1408 liis
809 1356 946 1407 omnibus
960 1356 1099 1418 vinculis,
1115 1372 1224 1427 nempe
1244 1360 1362 1430 dispon-

177 1439 270 1493 sando
290 1439 385 1506 ipsum
407 1454 421 1489 a
443 1444 511 1489 voto
530 1444 559 1489 et
579 1437 616 1488 ab
635 1435 823 1488 observantia
852 1435 989 1503 praeepti
1010 1440 1038 1489 et
1058 1436 1203 1491 solvendo
1233 1446 1359 1507 rentum,

177 1519 224 1571 vel
247 1534 301 1586 per
320 1517 514 1570 sntiieientem
534 1515 739 1569 eontritionem
753 1520 782 1568 et
792 1516 1021 1569 satisfactionem
1038 1515 1100 1583 jam
1121 1518 1299 1587 exhibitam,
1312 1522 1358 1575 vel

179 1614 231 1667 per
250 1597 471 1650 misericordem
486 1596 703 1665 indulgentiam
723 1600 752 1648 et
766 1595 865 1648 delieti
880 1595 1040 1664 gratuitum
1056 1596 1279 1667 remissioneer
1295 1616 1360 1669 qure

178 1678 280 1730 omnia
299 1678 390 1729 solam
418 1676 558 1730 moralem
579 1674 772 1729 unitationem
799 1675 828 1727 in
850 1675 967 1728 homine
995 1676 1138 1741 eilieiunt3
1159 1678 1359 1735 nihilominus

177 1758 332 1812 suilieiunt
351 1758 386 1809 ad
402 1756 621 1809 tenninamlam
636 1756 689 1808 llei
706 1754 827 1808 lilnunm
842 1754 1031 1809 volitionem:
1047 1756 1180 1823 adeoque
1198 1758 1237 1811 ad
1256 1760 1286 1812 id
1302 1776 1360 1814 non

179 1838 340 1906 requiritur
360 1837 446 1889 realis
466 1842 494 1889 et
516 1837 638 1905 phpsiea
657 1836 790 1888 mutatio.
812 1836 859 1887 nd
878 1834 1019 1886 vulneram
1039 1835 1114 1893 dieo.
1127 1836 1246 1891 decreta
1261 1840 1360 1893 nondi-

178 1919 289 1971 tionata
310 1932 367 1969 non
388 1918 504 1970 etlimre
523 1917 643 1984 quidem
665 1917 693 1967 in
716 1916 803 1968 rebus
824 1915 931 1968 tuturis
951 1915 1006 1967 sub
1026 1916 1197 1969 eonditiono.
1222 1922 1360 1987 ponenda

178 1998 309 2065 aliquam
330 1997 523 2051 mutationum
544 1997 708 2065 physicam,
730 1995 780 2048 sed
802 1995 897 2047 solum
916 1995 1066 2055 moralem,
1086 2010 1121 2048 eo
1141 1998 1221 2064 quod
1235 2008 1360 2054 causent

178 2079 208 2131 in
229 2078 342 2141 (ilqjeeto
355 2077 514 2144 ‹piannlam
531 2077 722 2129 imitationem
737 2075 924 2141 antemnam,
937 2074 1013 2127 illud
1027 2078 1231 2131 transimundo
1242 2081 1281 2133 nb
1295 2096 1358 2135 essa

180 2173 252 2226 pure
272 2156 406 2225 possibili
427 2157 463 2208 nd
483 2170 547 2208 esse
567 2158 699 2209 t‘ntnrum
720 2156 776 2207 suli
796 2155 977 2221 conditione,
993 2162 1023 2208 et
1041 2155 1206 2210 ordinando
1226 2159 1304 2213 illud
1323 2162 1359 2213 nd

178 2238 366 2291 existentiam
388 2236 589 2289 conditionate
609 2235 783 2288 lmlunnlam.

232 2318 330 2370 lla-ns
349 2316 375 2368 t:
397 2312 426 2367 Si
441 2316 582 2368 tlarentm·
595 2316 626 2367 in
639 2315 702 2367 Ileo
716 2315 835 2368 ‹lm-reto
848 2315 1061 2381 conditionata,-
1073 2322 1248 2383 sequoretur
1261 2319 1358 2374 Deum

179 2398 287 2449 habere
306 2396 427 2448 adletas
447 2396 608 2447 eontrarios
627 2400 656 2448 ot
676 2395 842 2463 oppositos:
863 2395 914 2448 sed
935 2395 1041 2447 i'alsum
1062 2411 1264 2464 consequens:
1289 2416 1359 2470 ergo

178 2482 208 2530 et
227 2476 413 2528 aima-<nens
438 2476 580 2527 letenna
602 2474 726 2543 sequela
748 2474 890 2539 irripiens:
911 2477 934 2527 si
957 2476 1038 2527 lle-us
1066 2476 1256 2543 decreuisset,
1278 2496 1307 2535 v.
1328 2500 1357 2551 g.

178 2555 378 2609 eonditionate
388 2557 518 2608 futuram
529 2556 751 2607 eoiivorsnnnm
767 2554 924 2622 Tyriorum
936 2556 972 2607 nd
987 2556 1224 2624 praedieationem
1238 2557 1358 2623 Christi.

179 2636 262 2688 illam
273 2635 494 2688 contunsionem
511 2633 663 2699 voluisset,
679 2639 708 2687 et
721 2650 789 2686 eum
802 2634 922 2687 aliunde
933 2635 1066 2688 absolute
1077 2636 1267 2695 deerevisset,
1280 2642 1359 2709 quod

180 2715 315 2770 Christus
328 2716 406 2784 apud
420 2731 469 2769 eos
489 2731 635 2783 nusquam
656 2715 839 2783 praedicaret,
855 2716 931 2768 idem
945 2716 1033 2768 simul
1048 2717 1193 2771 voluisset
1204 2725 1234 2772 et
1248 2721 1359 2776 noluis-

179 2803 238 2864 set3
253 2802 281 2849 et
295 2800 509 2864 eonsequenter
528 2795 615 2847 simul
633 2796 782 2848 imbuisset
796 2797 943 2862 oppositos
957 2796 1087 2850 nti'eetus.
1104 2827 1138 2834 —
1151 2799 1240 2865 Nego
1255 2816 1358 2866 seque·

178 2877 241 2929 lam
251 2877 385 2942 majorim
399 2876 442 2928 illi
456 2875 536 2928 enim
547 2875 669 2928 offer-,tus
684 2890 741 2926 non
753 2882 913 2928 censentur
926 2877 1061 2944 oppositi,
1071 2877 1123 2944 qui
1134 2892 1191 2929 non
1200 2887 1359 2936 versantur

179 2957 259 3008 eirea
279 2957 354 3009 idem
375 2957 523 3023 objectum
543 2955 745 3008 eodemmodo
764 2954 1001 3020 consideratum,
1022 2961 1052 3009 ot
1065 2957 1139 3009 talos
1158 2965 1229 3012 sunt
1247 2959 1358 3016 divinae

178 3036 347 3102 volitiones,
362 3052 422 3088 una
442 3036 522 3088 enim
536 3040 581 3089 est
593 3034 695 3087 tellit-ax
712 3040 846 3102 respectu
857 3036 978 3089 elliu-,tus
993 3037 1126 3089 absolute
1139 3040 1270 3104 verituri,
1285 3057 1314 3095 v.
1327 3059 1355 3112 g.

178 3116 281 3169 volitio
301 3116 380 3182 quod
400 3113 536 3168 Christus
557 3129 704 3182 nusquam
724 3114 864 3181 prandent
877 3115 956 3182 apud
977 3116 1099 3184 Tyrios:
1120 3117 1180 3170 alio
1199 3125 1300 3173 autem
1314 3127 1358 3176 est

179 3201 294 3250 tantum
315 3195 462 3250 inellieax.
484 3211 512 3247 v.
534 3211 563 3263 g.
585 3195 738 3247 eorn'ersio
752 3193 911 3261 Tyriorum
931 3211 968 3248 ex
982 3197 1135 3264 supposita
1154 3195 1264 3254 Christi
1278 3201 1357 3270 apud

179 3291 228 3330 etos
248 3275 466 3344 pradicatione.
483 3275 564 3327 Dens
577 3279 675 3327 autem
690 3279 785 3342 potest
801 3275 889 3327 sinml
905 3281 934 3328 et
952 3276 1042 3329 semel
1064 3277 1140 3329 idem
1154 3277 1233 3330 uelle
1253 3281 1358 3334 volun·

179 3363 238 3410 tate
258 3357 380 3414 etlieaei,
395 3365 424 3408 et
444 3355 524 3409 nolle
546 3354 700 3407 voluntate
726 3353 881 3409 inellieaei.
903 3355 1020 3408 divorsa
1043 3357 1169 3416 ratione:
1190 3358 1256 3412 vult
1278 3362 1357 3414 enim

179 3437 370 3490 inellieaeiter
382 3435 497 3489 salvan·
511 3436 599 3488 etiam
613 3450 716 3487 omnes
729 3435 922 3502 danmarnlss,
938 3436 1009 3503 quia
1019 3444 1088 3490 sunt
1105 3437 1197 3504 ipsius
1212 3438 1357 3508 imagines

179 3523 208 3570 et
220 3518 361 3586 redempti
375 3525 506 3585 pretioso
520 3516 674 3584 Sanguine
688 3515 757 3568 Filii
771 3515 817 3567 sui
832 3515 936 3580 divini,
952 3517 1147 3571 nihilominus
1162 3517 1227 3572 iult
1238 3535 1287 3574 eos
1299 3522 1356 3574 eilr-

177 3599 288 3652 eaeiter
307 3598 457 3662 damnare,
473 3597 544 3664 qnia
569 3603 640 3648 sunt
653 3601 821 3662 poenotens
835 3602 864 3648 et
880 3596 909 3648 in
926 3597 1142 3664 impendentia
1153 3597 1234 3650 tlnali
1250 3615 1266 3652 e
1280 3601 1357 3654 rivis

177 3683 387 3730 excesserunt:
417 3692 484 3744 quie
504 3676 570 3728 dure
591 3675 757 3734 volitiones,
781 3675 849 3728 lieet
869 3676 1008 3744 opposita
1029 3677 1197 3735 videantur.
1219 3679 1295 3734 tales
1316 3682 1357 3734 ni-

179 3757 341 3809 lrilominus
371 3770 428 3807 non
450 3761 530 3820 sunt,
553 3755 624 3826 <mia
652 3755 769 3807 diverso
790 3756 886 3808 undio
907 3757 982 3808 idem
1012 3757 1160 3822 objectum
1182 3760 1354 3827 respiciunt.

232 3837 331 3889 llrens
349 3837 377 3887 6:
398 3834 455 3888 Illa
474 3835 592 3889 decreta
619 3834 820 3889 conditionata
854 3851 908 3888 nee
930 3837 1046 3903 probari
1076 3843 1201 3904 possunt
1219 3853 1237 3890 a
1256 3841 1355 3908 priori,

178 3917 251 3984 quin
269 3921 340 3968 sunt
360 3915 461 3980 liln¹ra,
483 3920 512 3968 et
531 3915 605 3967 nilril
626 3913 768 3982 praeeedit
787 3915 817 3968 in
838 3916 992 3970 voluntate
1012 3916 1114 3969 divina
1134 3933 1203 3970 eum
1223 3934 1282 3986 quo
1309 3921 1357 3974 lra-

178 3997 269 4050 bennt
288 3995 484 4048 neeessariam
504 3995 740 4061 eonnesionmn3
761 4010 817 4048 nee
836 3997 924 4049 etiam
945 3996 1059 4064 probari
1082 4005 1208 4064 possunt
1226 4013 1242 4049 a
1263 4005 1357 4067 poste-

180 4077 259 4142 riori,
280 4074 489 4144 quianullum
509 4091 610 4128 revera
631 4075 740 4130 lmlnmt
768 4075 916 4134 etleetum.
938 4092 1004 4129 eum
1026 4083 1182 4130 versentur
1200 4078 1280 4132 eirea
1312 4097 1357 4134 ros

179 4172 245 4224 quae
259 4155 513 4224 simplieitersnnt
527 4155 696 4224 possibiles:
711 4170 766 4208 nee
780 4156 867 4209 retiam
889 4155 1015 4224 idipsum
1031 4156 1130 4209 inierri
1151 4164 1246 4225 potest
1264 4175 1301 4212 ex
1316 4177 1358 4214 re-

179 4236 337 4302 velatione,
359 4235 411 4288 illa
430 4251 559 4304 namque
573 4235 688 4288 ‹lei-reta
702 4235 902 4288 eonditionata
924 4250 1019 4302 neque
1034 4236 1202 4289 intoruntur
1224 4253 1260 4291 ex
1281 4236 1357 4294 Seri·

178 4321 276 4384 ptura,
298 4329 351 4368 nee
371 4331 408 4368 ex
428 4315 539 4368 simet-is
559 4315 715 4368 Patribus:
735 4329 806 4383 ergo
826 4329 928 4368 revera
947 4314 1031 4367 nulla
1051 4321 1130 4369 sunt.
1152 4345 1187 4354 -—
1205 4318 1296 4385 Nego
1307 4335 1358 4373 an·

178 4398 338 4448 recedens:
359 4396 453 4464 primo
466 4409 596 4462 iramque
610 4396 727 4448 deerota
741 4393 795 4446 illa
808 4394 924 4462 probari
944 4399 1068 4462 possunt
1080 4411 1098 4446 o
1110 4396 1272 4462 posteriori,
1288 4398 1358 4454 lieet

178 4476 259 4528 enim
272 4473 390 4528 nullum
402 4475 532 4528 habeant
544 4473 681 4528 edietum
692 4473 828 4528 alisoluto
841 4475 986 4541 futurum,
1002 4474 1087 4527 illum
1102 4479 1200 4529 tamen
1216 4477 1358 4534 haberent

178 4555 290 4608 virtute
309 4554 418 4608 deereti
438 4554 634 4608 conditionati
654 4555 686 4608 in
704 4553 767 4607 Deo
786 4553 1014 4623 praeexistentis,
1028 4555 1052 4608 si
1072 4555 1214 4618 conditio,
1229 4571 1289 4626 qun
1308 4573 1357 4628 po·

177 4633 236 4688 sita
254 4634 428 4688 enuntiatur
446 4635 591 4702 tutorum,
611 4638 689 4689 osset
706 4633 845 4704 impleta:
866 4633 945 4688 unde
964 4635 1065 4689 tuturo
1082 4634 1284 4692 conditionata
1297 4653 1356 4694 non
