3067 5400
228 584 294 651 102
383 600 468 655 ecre
491 600 537 649 er
561 599 703 653 arcanus
726 598 804 645 sisa
831 597 963 645 muse
988 594 1283 644 ruocessrossss

227 726 285 791 iam
307 725 423 793 propria
441 738 495 776 sua
515 724 607 776 sonna
625 722 827 775 ‹eonstitntam
843 730 871 773 et
885 734 949 773 esse
963 720 1120 783 rationem,
1135 734 1201 787 qua
1216 734 1354 789 persona
1367 736 1422 789 pro

226 806 317 859 dueta
337 804 441 872 recipit
459 818 546 855 snum
566 818 650 856 esse:
679 812 710 855 at
730 802 784 854 lroc
803 809 847 853 est
860 815 959 852 reram
974 800 1083 852 habere
1103 800 1259 853 rationem
1284 800 1422 853 actionis:

226 901 298 955 ergo
327 900 427 937 revera
458 883 500 937 illi
530 893 652 936 censent
671 882 789 934 divinas
809 880 1009 949 processiones
1028 894 1093 932 esse
1123 894 1228 939 veras.
1251 895 1291 933 ac
1314 880 1422 951 proprie

227 966 322 1019 dictas.
345 966 492 1030 actionem
513 979 571 1016 non
591 978 661 1015 vero
680 961 830 1029 simplices
849 960 1051 1013 emanationes
1071 970 1100 1013 et
1117 958 1327 1013 resultantias
1342 972 1422 1015 mett·

230 1046 377 1113 physicas..
399 1044 470 1097 llaec
491 1046 554 1111 ipsa
572 1044 682 1095 veritas
701 1042 809 1093 firmari
825 1050 920 1109 potest
939 1040 999 1093 illis
1018 1039 1160 1093 omnibus
1175 1050 1362 1095 sanctorum
1376 1040 1423 1095 Pt-

228 1134 306 1179 trnm
326 1124 492 1189 sententiis,
512 1138 586 1191 quas
606 1123 682 1175 intra
703 1126 872 1181 reteremus,
893 1128 927 1173 ut
946 1120 1103 1188 probemus
1124 1119 1265 1174 Verbum
1288 1122 1421 1175 diiirrum

228 1222 246 1257 a
269 1204 354 1257 l'atre
374 1203 529 1272 procedere
551 1219 601 1271 per
619 1217 718 1253 veram
739 1211 768 1254 ct
789 1200 904 1269 proprie
918 1201 1026 1253 dictam
1039 1200 1291 1267 generationem.
1308 1202 1420 1255 sicutet

231 1284 374 1353 Spiritum
394 1290 529 1336 sanetum
550 1299 567 1334 a
588 1282 674 1335 Patre
693 1288 723 1334 et
742 1280 818 1333 Filio
838 1296 890 1349 per
908 1280 1034 1333 activam
1054 1280 1281 1348 spirationem
1303 1296 1421 1351 genera

230 1368 271 1421 tio
290 1366 370 1417 errim
389 1369 420 1416 et
438 1363 558 1430 spiratio
577 1367 648 1415 sunt
667 1376 743 1413 vera:
764 1362 916 1414 actiones:
935 1374 1005 1427 ergo
1024 1358 1100 1413 tales
1119 1359 1264 1415 dicendae
1293 1374 1366 1417 sunt
1385 1360 1421 1413 di-

230 1446 309 1497 vinre
330 1442 538 1511 processiones.

283 1526 437 1575 Probatur
455 1523 551 1573 etiam
570 1523 637 1573 haee
656 1523 723 1587 ipsa
743 1523 858 1573 veritas
880 1520 991 1573 ratione
1017 1519 1209 1589 theologica:
1235 1522 1344 1573 I’rirno
1362 1521 1419 1589 qui-

229 1604 317 1657 dem:
338 1602 425 1655 aliter
442 1603 571 1654 essentia
590 1601 692 1653 divina
712 1601 927 1654 determinatur
944 1599 981 1652 ad
1002 1599 1110 1652 Filium
1132 1606 1163 1653 et
1182 1596 1340 1669 Spiritum
1360 1616 1417 1655 run·

230 1693 322 1749 ctum,
343 1698 431 1751 qnam
451 1682 488 1733 ad
511 1681 645 1735 Patrem:
675 1681 726 1733 sed
745 1682 781 1733 ad
803 1680 918 1732 l'atrem
939 1679 1155 1733 determinatur
1173 1696 1231 1749 per
1250 1681 1414 1751 simplicem

232 1764 456 1817 resultantium:
476 1778 547 1829 ergo
566 1763 602 1813 ad
626 1761 733 1814 l'ilium
753 1766 781 1813 et
802 1760 945 1827 Spiritum
971 1768 1106 1813 sanetum
1134 1759 1338 1815 determinari
1364 1776 1416 1815 non

230 1844 318 1897 debet
337 1858 389 1911 per
407 1842 570 1910 simplicem
593 1842 807 1903 resultantiam,
837 1841 888 1894 sed
918 1857 969 1909 per
989 1840 1095 1893 realem
1116 1849 1147 1894 ct
1166 1842 1291 1909 proprie
1312 1842 1414 1895 dictam

231 1924 387 1976 actionem.
412 1923 510 1987 ,ilajor
529 1930 626 1989 patet:
647 1921 793 1989 siqnidem
809 1923 936 1975 essentia
951 1921 1050 1973 divina
1072 1935 1131 1973 non
1145 1920 1415 1975 determinaturad

234 2002 341 2056 l'ilinm
361 2011 391 2055 et
409 2000 552 2069 Spiritum
572 2009 720 2064 sanctum,
742 2002 798 2053 nisi
820 2008 967 2069 qnatenus
987 2001 1128 2053 (licuntur
1153 2001 1306 2069 produci:
1335 2001 1417 2055 Pater

231 2092 330 2136 antem
350 2098 368 2135 a
387 2082 471 2135 nullo
489 2082 680 2150 producitur:
701 2097 772 2149 ergo
792 2082 878 2134 aliter
897 2080 934 2133 nd
953 2096 1031 2137 enm.
1053 2096 1142 2147 quam
1163 2082 1201 2133 ad
1223 2082 1304 2134 alins
1325 2096 1413 2151 perse

233 2180 286 2215 nas
305 2163 433 2215 essentia
452 2162 555 2215 divina
574 2161 797 2215 determinatur.
823 2162 921 2213 iliam·
939 2162 1027 2214 etiam
1042 2172 1085 2214 est
1098 2160 1245 2215 evidens:
1268 2162 1414 2231 siquidem

235 2244 307 2298 ratio
327 2243 457 2294 lorrnalis
476 2242 669 2295 constitutiva
687 2243 775 2310 primi
797 2241 939 2309 suppositi
971 2257 1027 2293 non
1049 2241 1208 2309 abaliquo
1229 2242 1413 2310 producitur.

232 2324 283 2375 sed
303 2324 341 2375 ab
361 2322 484 2391 ipsomet
503 2322 612 2375 divinre
638 2332 750 2375 namra·
780 2337 900 2387 oceano,
921 2322 1004 2389 qnasi
1027 2322 1189 2389 proprietas
1216 2324 1256 2376 ab
1277 2324 1413 2377 essentia.

232 2402 334 2455 etllnit.
350 2433 385 2440 —
400 2401 510 2454 lleimle
523 2402 648 2470 simplex
664 2402 837 2455 resultantia
852 2408 896 2455 est
909 2403 946 2454 air
962 2403 1023 2470 ipsa
1037 2410 1143 2454 natura
1154 2403 1352 2457 substantiali
1367 2404 1412 2455 im·

234 2482 376 2545 nrediate3
397 2483 589 2551 proprietates
608 2481 686 2533 renim
709 2483 918 2550 nrctnplrrsicre
932 2483 969 2534 ab
984 2482 1107 2549 ipsomet
1126 2484 1265 2536 essentia·
1283 2484 1354 2537 sinu
1367 2483 1413 2535 im·

234 2562 360 2615 aestimo
379 2562 519 2616 effluunt:
540 2578 610 2631 ergo
629 2564 652 2614 si
675 2563 821 2630 processio
837 2563 901 2615 l·'ilii
923 2571 951 2615 et
970 2560 1098 2631 Spiritus
1111 2564 1208 2617 sancti
1228 2565 1269 2617 sit
1290 2564 1412 2633 simplet

236 2642 419 2706 resultantia,
434 2644 489 2697 erit
503 2643 671 2696 innnediate
690 2660 707 2694 a
728 2651 834 2696 natura
853 2643 974 2704 divinem
995 2643 1071 2712 quod
1093 2650 1194 2695 tarnen
1214 2640 1331 2697 Suarez
1357 2644 1412 2714 ipsc

233 2739 300 2778 enm
322 2723 388 2777 aliis
408 2724 567 2792 'l'lreologis
587 2730 675 2792 rreqat
695 2731 724 2776 et
745 2725 900 2792 impugnat
919 2728 1018 2777 cenrico
1034 2724 1228 2790 liin-andam,
1250 2729 1286 2778 ut
1306 2724 1411 2794 patebit

233 2804 367 2858 Aniena·
380 2805 525 2872 sequenti.
542 2834 576 2843 -
590 2804 721 2873 lienique
736 2820 858 2872 persona
874 2806 1037 2858 subsistens
1051 2805 1138 2858 debet
1151 2804 1275 2872 produci
1300 2823 1352 2876 per
1369 2822 1411 2855 re-

236 2903 295 2939 ram
316 2887 480 2939 actionem:
501 2885 552 2938 sed
572 2886 682 2938 divinae
703 2886 904 2952 processiones
929 2892 999 2938 stmt
1019 2885 1198 2952 productiva
1219 2902 1410 2954 personrmmn

233 2967 470 3024 subsistentium.
491 2974 524 3018 nt
544 2965 600 3017 noe
619 2972 800 3033 componam
822 2973 884 3018 est:
914 2981 984 3034 ergo
1005 2965 1062 3018 illa·
1082 2973 1153 3019 sunt
1171 2981 1254 3018 terte
1270 2969 1412 3022 actiones.

288 3051 433 3101 (ioannes
448 3047 471 3098 l.
494 3045 528 3098 ln
550 3047 636 3098 robus
655 3045 762 3097 creatis
784 3045 940 3098 relationes
960 3062 1018 3098 non
1039 3047 1114 3098 liunt
1127 3061 1179 3113 per
1192 3061 1297 3100 veram
1312 3055 1343 3103 et
1355 3065 1412 3118 pro

236 3129 327 3197 priam
357 3127 513 3190 actionarii,
535 3125 585 3176 sed
617 3126 760 3177 resultant
790 3141 826 3176 ex
853 3126 954 3193 positis
984 3125 1186 3185 tundamento,
1206 3133 1237 3179 et
1267 3129 1411 3182 ermino:

235 3207 313 3262 unde
332 3205 505 3259 Aristoteles
525 3206 554 3257 in
578 3205 818 3258 l'ncdieementis
837 3222 901 3273 cap.
920 3205 961 3258 la
976 3205 1122 3258 noioeane
1137 3207 1274 3272 allirmat,
1290 3209 1332 3262 ad
1346 3209 1412 3262 rela-

234 3290 343 3342 tionem
364 3301 421 3338 non
443 3285 504 3360 dari
526 3301 577 3353 per
595 3301 626 3335 se
647 3291 776 3336 motum:
798 3301 868 3353 ergo
887 3286 1023 3339 similiter
1043 3285 1199 3339 relationes
1219 3303 1412 3354 personarunt

234 3369 402 3422 divitiarum
427 3365 625 3418 constitutivae
652 3379 710 3416 aon
743 3365 946 3432 producantur
972 3383 1023 3434 per
1047 3382 1145 3417 veram
1175 3366 1339 3436 actionem,
1365 3367 1412 3422 sod

236 3465 287 3518 per·
314 3446 477 3515 simplicem
509 3445 712 3498 resultantium
741 3450 771 3497 et
798 3446 1024 3499 enmrmtionem.
1048 3445 1268 3513 Consequentia
1297 3450 1418 3504 ridetur

235 3535 346 3596 aperta,
367 3543 384 3578 a
403 3526 510 3578 creatis
529 3525 608 3577 enim
629 3526 665 3577 ad
685 3526 789 3577 divina
809 3540 875 3577 enm
897 3527 1082 3594 proportione
1102 3526 1260 3594 procedere
1280 3537 1312 3584 et
1334 3533 1415 3586 ratin-

235 3607 328 3660 einari
343 3606 420 3658 lieet.
436 3635 471 3642 --
484 3607 572 3672 Nego
585 3607 844 3668 consequentiam.
860 3613 888 3657 et
903 3608 975 3659 ratio
988 3606 1168 3674 disparitatis
1181 3611 1235 3665 cst,
1249 3611 1333 3676 quod
1349 3627 1412 3666 cnm

236 3689 393 3742 relationes
412 3693 516 3738 creatae
535 3686 596 3738 sint
613 3683 773 3736 (evenientia
793 3683 906 3752 cappae
928 3689 954 3736 ei
976 3686 1131 3738 ‹timiaato
1150 3685 1292 3752 aetianis,
1319 3692 1414 3760 inquit

236 3769 354 3833 norror,
370 3781 428 3817 non
442 3771 565 3831 possunt
577 3780 642 3817 esse
661 3764 778 3818 termini
793 3780 869 3817 verre
882 3766 1007 3819 aetionis
1021 3766 1220 3834 productime3
1236 3769 1321 3825 unde
1332 3773 1418 3828 aliter

236 3849 296 3901 lieri
318 3851 481 3912 nequeunt,
495 3860 584 3912 (pram
604 3861 656 3913 per
676 3860 779 3913 pnram
800 3847 1015 3900 (rationationem
1037 3857 1065 3900 et
1078 3848 1243 3914 simplicem
1270 3853 1416 3908 resultan-

236 3930 327 3982 tiam:
356 3940 442 3977 secus
469 3931 568 3978 autem
595 3933 639 3978 est
659 3925 694 3976 de
716 3924 910 3979 relationibus
929 3927 1048 3992 divinis,
1070 3944 1146 3994 qnae,
1167 3943 1234 3980 cnm
1267 3931 1330 3986 sint
1350 3937 1415 3988 sub-

235 4006 390 4062 stantiales
409 4011 438 4058 et
457 4020 646 4072 personarum
661 4005 830 4058 divinarum
852 4008 1060 4070 constitutiva,
1082 4008 1169 4060 etiam
1190 4008 1304 4065 lralmnt
1325 4019 1417 4083 perte-

236 4085 613 4142 ctionemsubstantiarum
643 4091 673 4138 et
703 4101 797 4138 rerum
820 4100 871 4153 per
898 4103 929 4138 se¹
953 4089 1188 4146 subsistentium.
1209 4104 1278 4156 qua·
1300 4098 1421 4166 proprie

236 4169 378 4221 dicuntur
406 4165 478 4228 fieri,
502 4173 531 4219 et
554 4165 663 4218 idcireo
683 4175 806 4234 possunt
834 4182 898 4219 esse.
924 4169 1031 4237 proprii
1052 4169 1169 4222 termini
1190 4185 1268 4224 vera·
1289 4179 1421 4232 aetionis

238 4247 428 4316 produci-ivre.

290 4327 436 4382 (nanetus
460 4325 486 4379 2.
515 4326 602 4380 Actio
630 4328 746 4396 proprie
775 4328 854 4382 dicta
883 4329 980 4396 plures
1010 4331 1136 4383 involvit
1165 4331 1419 4404 inqmrlectiouus,

237 4423 354 4476 nempe,
373 4406 452 4474 qnod
471 4408 510 4460 sit
529 4413 636 4472 motus,
656 4409 786 4477 egressio
812 4410 850 4461 ab
868 4414 984 4477 agerrte..
1006 4418 1035 4463 et
1055 4411 1182 4479 receptio
1211 4411 1242 4465 in
1269 4431 1370 4486 passrq
1389 4427 1419 4476 et

236 4487 316 4556 qnod
336 4486 418 4540 illius
430 4488 576 4542 terminus
594 4487 633 4543 sit
653 4489 770 4542 realiter
788 4487 909 4543 effectus
928 4496 957 4542 et
976 4497 1070 4558 actus,
1085 4492 1162 4544 sient
1175 4494 1361 4564 principium
1374 4507 1421 4558 η

239 4567 356 4622 realiter
373 4581 467 4638 agens
484 4573 516 4622 et
532 4568 683 4622 efficiens:
703 4569 755 4622 sed
774 4584 876 4622 ornnes
896 4569 941 4622 lrae
961 4570 1195 4638 limantes-,tiones
1210 4571 1312 4630 Deum
1330 4579 1419 4638 dedo

233 4655 324 4704 cent:
342 4661 415 4720 ergo
431 4648 510 4704 aetio
528 4649 646 4722 proprie
672 4647 752 4704 dicta
779 4649 817 4702 ab
845 4664 879 4703 eo
907 4657 951 4704 est
975 4651 1160 4704 removenda.
1181 4681 1215 4692 -
1244 4655 1342 4728 Rogo
1358 4677 1430 4720 u.
