3067 5400
229 554 297 621 100
388 571 472 625 QUID
495 570 541 619 ET
565 569 706 624 QUALES
729 569 811 617 SINT
836 568 970 617 01leAE
993 566 1284 617 PROCESSIONBS.

232 695 332 749 tialam
346 708 534 748 communem
548 693 642 746 tribus
655 692 765 745 divinis
779 691 932 758 Personis;
946 690 1037 745 aliam
1053 690 1249 745 notionalem
1274 690 1361 745 Patri
1374 705 1427 759 pre

231 776 325 844 priam
344 779 375 828 ct
392 773 481 828 Verbi
496 773 709 842 productivam.
724 772 785 825 Alii
804 787 874 826 vero
888 772 964 825 hanc
977 771 1221 837 distinctionem,
1237 778 1277 827 ut
1292 772 1426 825 doctrina·

237 855 376 925 Angelici
396 854 531 907 Doctoris
551 852 727 907 contrariam
742 860 895 920 respuunt,
911 852 1119 920 affirmantque
1139 851 1175 904 in
1197 850 1270 906 Deo
1291 850 1427 907 osseum·

235 951 300 989 eam
321 934 552 989 intellectionem
566 932 764 999 essentialem,
780 948 846 1000 quac
866 937 911 985 est
924 931 1011 985 Verbi
1025 931 1122 984 divini
1142 932 1351 1000 productiva,
1365 944 1426 999 qua·

235 1020 323 1068 tenus
343 1014 510 1067 modificata
528 1020 573 1067 est
592 1013 734 1067 relat-ione
752 1012 943 1067 Patemitatis
962 1020 991 1066 et
1011 1012 1100 1065 habet
1121 1011 1282 1065 rationem
1292 1010 1428 1066 dictionis

234 1100 265 1149 ct
283 1110 364 1148 verae
382 1094 507 1147 actionis
527 1093 718 1162 productiva.
741 1092 846 1147 Caeteri
865 1107 945 1159 vero,
965 1108 1035 1145 cum
1053 1091 1190 1146 Doctore.
1212 1088 1336 1147 Subtili
1358 1094 1388 1145 in
1404 1092 1424 1143 1.

232 1176 300 1228 dist.
322 1174 348 1227 ἱ).
363 1190 392 1242 q.
408 1173 434 1227 7.
450 1190 479 1226 n.
496 1174 539 1226 13.
560 1178 589 1227 et
601 1173 668 1227 dist.
690 1173 733 1226 29.
755 1190 783 1242 q.
806 1173 897 1227 unica
910 1179 939 1227 et
958 1172 1137 1235 Quodlibeto
1158 1172 1207 1226 14.
1225 1172 1425 1235 contendunt,

233 1255 344 1308 nedum
358 1254 687 1322 divinasprocessiones
706 1270 770 1308 esse
790 1269 874 1306 veras
893 1254 1034 1319 actiones,
1056 1252 1219 1307 sedetiam
1241 1267 1285 1307 ex
1304 1262 1426 1321 aequort

234 1335 365 1389 totaliter
376 1334 532 1387 distinctas,
551 1335 588 1386 ab
608 1334 723 1387 actibus
736 1334 945 1387 essentialibus
958 1332 1149 1401 intelligendi
1170 1340 1203 1386 et
1224 1333 1357 1387 volendi
1370 1351 1377 1397 ;
1390 1332 1423 1385 tn

205 1450 208 1455 ,
231 1415 311 1483 qrrod
330 1414 421 1467 dictio
440 1429 499 1466 non
513 1413 648 1466 includat
661 1414 822 1467 formaliter
836 1413 1080 1473 intellectionem,
1096 1427 1152 1465 nec
1175 1412 1289 1467 activa
1309 1412 1425 1483 spiratio

231 1495 404 1547 volitiouem
423 1494 622 1547 essentialem:
646 1509 705 1561 qno
725 1494 766 1559 tit,
787 1499 822 1547 ut
842 1494 911 1547 licet
924 1492 1081 1559 irrlellr'pere
1094 1500 1125 1546 et
1146 1493 1220 1545 telle
1241 1494 1312 1547 sint
1331 1506 1422 1563 opera-

232 1576 327 1629 tiones
346 1588 519 1627 communes
538 1574 675 1627 omnibus
690 1575 832 1642 personis,
845 1589 904 1627 non
924 1580 1021 1627 tamen
1041 1572 1140 1625 dicere
1160 1578 1193 1626 et
1213 1572 1421 1643 spirareQua

231 1654 380 1708 sententia
398 1654 441 1707 uti
470 1654 568 1706 verior
585 1659 615 1707 et
633 1654 824 1719 constantior,
845 1659 878 1707 ut
906 1660 1110 1722 propugnatur
1135 1653 1322 1709 evidentius
1342 1662 1371 1707 et
1388 1654 1421 1705 et-

231 1736 363 1802 dcaeius,

267 1814 446 1869 Norasnuu
469 1816 493 1867 l.
512 1830 580 1867 cum
600 1814 727 1868 Doctore
741 1815 813 1868 loeis
828 1813 965 1881 laudatis,
981 1813 1109 1865 inanime
1130 1814 1158 1865 in
1176 1814 1204 1867 1.
1221 1814 1298 1868 dist.
1312 1814 1339 1868 2.
1355 1830 1383 1882 q.
1397 1810 1418 1864 i.

232 1911 262 1948 n.
279 1894 336 1953 22..
351 1894 426 1947 duos
446 1894 590 1963 distingui
604 1910 688 1963 posse
707 1900 791 1949 actus
811 1895 905 1947 divini
925 1893 1105 1960 intellectus,
1120 1893 1241 1948 scilicet
1263 1896 1419 1961 aaronitae

230 1983 260 2029 et
278 1974 380 2035 (lirare,
396 1978 426 2027 et
442 1974 562 2028 totidem
583 1974 692 2027 divium
712 1974 885 2035 voluntatis,
900 1975 1013 2027 seilicet
1031 1990 1133 2024 urum-e
1153 1980 1183 2027 et
1203 1974 1339 2042 spirare,
1354 1989 1416 2043 quo

231 2070 296 2107 rum
316 2054 429 2122 primus
449 2060 493 2107 est
521 2055 690 2121 operativus
709 2060 738 2108 et
757 2055 833 2107 alter
858 2055 1069 2122 produt-tirus,
1091 2054 1142 2121 qui
1172 2052 1237 2107 duo
1258 2064 1349 2110 actus
1369 2062 1417 2107 lor·

235 2135 353 2187 maliter
366 2134 593 2203 distinguuntur
606 2135 748 2187 invicem:
764 2134 897 2203 implicat
916 2135 993 2187 enim
1008 2149 1101 2187 unum
1116 2142 1146 2187 et
1158 2133 1308 2187 eumdem
1324 2144 1416 2189 actum

229 2229 295 2267 esse
315 2223 422 2268 natura
440 2228 496 2266 sua
524 2213 731 2281 productivum
752 2224 782 2267 et
800 2231 858 2267 non
881 2215 1087 2282 productivum
1115 2214 1240 2267 termini
1264 2214 1415 2269 realitera

232 2294 378 2361 principio
397 2293 578 2361 producente
603 2294 746 2347 distincti.
772 2297 897 2363 iusuper·
919 2303 1003 2347 actus
1024 2294 1221 2361 productivus
1249 2294 1415 2349 necessario

232 2373 374 2441 supponit
386 2374 569 2441 operativum
582 2392 589 2437 ς
604 2390 727 2442 operans
740 2375 817 2426 enirn
833 2378 858 2425 el
871 2376 1033 2442 prolui-erra
1045 2390 1098 2441 per
1117 2373 1195 2425 idem.
1215 2374 1415 2445 principium.

231 2453 329 2521 iuquit
348 2453 466 2520 Doctor,
485 2453 571 2521 prius
586 2457 626 2507 est
639 2471 773 2522 amorrius,
795 2471 884 2523 aprum
906 2456 1089 2522 praedio-urs:
1110 2454 1186 2506 adde.
1207 2455 1293 2522 quod
1308 2458 1413 2510 fatean-

230 2538 279 2586 tur
298 2546 399 2584 omnes
419 2530 561 2601 Tireologi
577 2536 770 2600 perlectiones
784 2534 957 2586 essentiales
971 2534 1088 2586 nullum
1112 2532 1310 2587 involventes
1326 2550 1414 2603 respa

230 2620 310 2665 ctum
331 2612 368 2664 ad
387 2614 536 2667 creaturas
555 2627 619 2666 esse
639 2614 749 2682 priores
776 2629 965 2682 quocumque
990 2614 1157 2667 nationali:
1177 2613 1263 2666 unde
1285 2630 1356 2668 cum
1376 2614 1413 2667 in-

230 2692 360 2747 tellectio
374 2692 476 2745 divina
488 2694 526 2747 sit
540 2694 612 2762 qnid
625 2694 793 2756 essentiale,
809 2696 899 2749 dictio
910 2711 978 2748 vero
991 2694 1063 2763 quid
1079 2694 1242 2760 notionale,
1255 2694 1325 2750 haec
1337 2694 1413 2748 illam

230 2775 451 2843 praesupponit3
472 2790 530 2827 non
551 2776 670 2843 quidem
692 2780 841 2843 tarnqumn
863 2776 1040 2844 principium
1060 2791 1127 2843 epiro,
1148 2773 1200 2826 sed
1222 2775 1326 2829 solum
1347 2783 1412 2830 tarn-

229 2870 320 2923 qnarn
339 2854 547 2916 conditionem,
569 2856 634 2908 sim».
661 2871 721 2923 qua
742 2872 820 2918 non;
843 2872 899 2908 non
920 2873 956 2907 ex
979 2856 1154 2928 indigentia,
1180 2855 1234 2908 sed
1255 2871 1298 2908 ex
1317 2855 1412 2910 condi-

230 2936 309 2988 tione
323 2935 473 3002 principii,
487 2936 565 3002 qnod
582 2936 661 3003 prius
675 2936 891 2990 determinatur
904 2936 940 2987 ad
960 2936 1174 3003 opinationem.
1189 2951 1285 3003 qttam
1302 2937 1340 2989 ad
1354 2951 1411 3005 pro-

228 3015 409 3080 ductionem,
429 3021 464 3067 ut
483 3015 591 3067 ibidem
617 3018 752 3070 observat
774 3017 900 3070 lior-tor:
923 3016 990 3067 lrinc
1012 3019 1052 3081 lit,
1075 3015 1154 3082 quod
1174 3014 1268 3069 Pater
1293 3017 1414 3069 divinus

230 3096 311 3162 prins
326 3094 512 3162 concipiatur
523 3095 693 3164 intelligens
704 3105 733 3149 et
751 3113 933 3165 cognoscens
948 3096 1076 3163 seipsum
1091 3105 1120 3147 et
1140 3109 1227 3147 suam
1239 3097 1410 3150 essentiam.

228 3190 317 3242 qrram
338 3174 505 3242 producens
524 3183 554 3228 et
572 3176 673 3228 dicens
694 3176 832 3229 Verlnnn.

282 3254 461 3309 No'rasnun
476 3255 502 3307 2.
528 3255 761 3309 Intelleetionem
777 3267 903 3310 nostram
925 3273 984 3309 non
1004 3272 1068 3308 esse
1084 3256 1233 3308 actionem
1249 3257 1413 3310 lorrnalitr

228 3343 258 3388 et
278 3335 410 3403 proprie:
430 3340 492 3388 turn
513 3337 584 3403 quia
603 3337 697 3388 omnis
717 3338 793 3390 aetio
813 3339 927 3404 proprie
941 3338 1019 3390 dict-a
1035 3337 1121 3387 lralret
1141 3351 1261 3402 semper
1280 3337 1411 3406 aliquem

228 3416 388 3468 terminum
408 3415 603 3483 productum:
625 3416 786 3469 intellectio
805 3433 874 3468 vero
896 3432 950 3468 non
966 3425 1009 3469 est
1024 3416 1141 3470 termini
1156 3415 1352 3482 productiva,
1364 3414 1409 3469 sed

227 3507 272 3548 est
292 3497 417 3563 ipsemet
441 3496 564 3549 ultimus
584 3505 677 3558 actus,
698 3497 863 3563 ultimaque
884 3498 1021 3564 peractio
1036 3497 1174 3564 potentiae
1194 3495 1410 3551 intellectiva:

228 3585 291 3629 tum
310 3576 382 3642 quia
401 3575 557 3643 iutellipere
578 3593 632 3628 ram
659 3579 699 3628 esi
725 3592 816 3641 ‹ipra-e,
843 3578 893 3628 aad
918 3577 1064 3644 ‹prraenldom
1089 3576 1163 3642 parii,
1186 3577 1290 3643 inquit
1317 3577 1410 3630 Philo·

157 3719 160 3726 Ι
227 3655 338 3722 sophus
356 3657 383 3707 3.
405 3655 448 3707 lae
461 3655 606 3710 Arrirrroc.
628 3659 647 3709 l.
671 3656 756 3709 l‘nde
777 3657 905 3708 lormalis
928 3657 1088 3710 intellectio
1106 3663 1151 3708 est
1172 3657 1307 3724 receptio
1333 3656 1410 3710 illius

228 3735 391 3803 qumitatis
412 3750 519 3804 nempe
540 3738 619 3789 verbi
641 3738 758 3792 mentis.
781 3737 857 3804 (tund
879 3738 1051 3804 producitur
1070 3752 1122 3804 per
1134 3734 1300 3790 dictionem
1322 3747 1353 3792 et
1373 3753 1411 3790 re·

227 3816 337 3883 cipitur
356 3817 386 3867 in
405 3816 530 3884 ipsomet
550 3818 712 3872 intellectu.
737 3817 811 3870 Hinc
837 3817 1003 3870 inchoativo
1031 3827 1060 3870 et
1079 3816 1212 3868 ellective
1244 3817 1411 3872 intellectio

227 3896 362 3948 consistit
382 3896 460 3949 inea
480 3897 649 3951 intellectus¹
668 3899 847 3966 opinatione.
862 3913 919 3965 qua
935 3899 1105 3966 producitur
1126 3896 1176 3947 illa
1197 3897 1345 3964 qualitas..
1360 3915 1409 3951 seu

227 3975 356 4028 Verbum
378 3977 504 4041 ruentis,
525 3980 758 4032 consunnnative
778 3985 876 4031 arimin
897 3987 925 4030 et
945 3979 1105 4030 lorrnaliter·
1125 3976 1153 4028 in
1175 3976 1313 4042 ejusdem
1341 3995 1410 4049 qua·

228 4056 320 4109 litatis
341 4058 517 4125 receptione.
539 4055 613 4110 Cum
633 4059 710 4110 enim
733 4058 782 4110 illa
803 4059 930 4126 ‹prolitas
962 4075 1014 4112 seu
1035 4059 1173 4110 l'erlnnn.
1195 4058 1234 4109 sit
1262 4059 1303 4111 rai
1326 4061 1412 4114 iutel-

227 4135 311 4189 lecta’
331 4152 469 4204 expressa
489 4137 662 4198 similitudo,
683 4138 784 4205 procul
805 4139 895 4191 «lubio
916 4139 1098 4191 intellectum
1120 4137 1312 4190 inlormando
1335 4141 1411 4194 etei

226 4215 414 4282 adhaerendo,
430 4216 516 4269 illum
530 4217 643 4282 olriecto
662 4218 782 4286 capuit-o
801 4219 985 4278 assimilabit,
1006 4235 1039 4270 ac
1061 4217 1181 4286 proinde
1195 4217 1349 4287 complete
1369 4221 1411 4273 in·

227 4295 412 4364 telligentnn
432 4297 547 4351 cllieiet.
569 4297 653 4360 Quod
672 4298 695 4349 si
724 4299 871 4351 interdum
886 4300 1048 4353 intellectio
1063 4309 1184 4351 vocetur
1197 4299 1287 4364 actio,
1303 4299 1336 4354 id
1351 4315 1411 4354 non

226 4383 271 4429 est
290 4376 544 4444 interpretandum
564 4376 601 4430 de
619 4378 735 4430 actione
754 4380 869 4447 proprie
888 4380 976 4436 dicta.
998 4381 1048 4432 sed
1063 4380 1133 4447 qnia
1147 4395 1178 4432 se
1192 4379 1282 4434 habet
1295 4381 1336 4434 ad
1351 4395 1412 4436 ino·

225 4454 297 4508 dum
318 4455 453 4520 actionis,
468 4471 535 4509 curn
549 4472 665 4524 semper
676 4457 714 4510 sit
728 4459 757 4509 iu
773 4459 845 4513 lieri.
861 4467 890 4512 et
906 4462 1041 4530 respiciat
1055 4459 1226 4525 terminum,
1240 4475 1303 4514 non
1317 4477 1413 4532 quotu

226 4534 381 4603 producat,
400 4535 453 4590 aed
480 4537 558 4590 cirea
586 4553 674 4606 quern
705 4540 882 4608 nogotienrr,
904 4557 1009 4610 nempe
1037 4537 1415 4614 circaobjectum,cu1'us

223 4623 272 4670 est
290 4615 408 4670 vivuat
426 4617 554 4685 perlecta
573 4618 732 4686 expressio.
