3067 5400
223 594 290 661 384
478 610 524 658 nn
547 609 762 659 nrrrcrmus
785 606 1150 658 raenrsrrmimome

222 734 301 803 quod
313 735 387 787 inse
398 742 625 801 monentesque
639 732 677 785 ad
695 732 790 801 ipsius
806 731 911 801 gloriae
931 730 1183 797 consecutionem,
1204 730 1258 785 sed
1273 728 1404 785 sufficere

222 814 301 883 quod
312 816 344 867 in
363 814 465 882 aliquo
475 827 530 867 sno
540 812 648 867 ellectu
658 827 755 881 usque
765 811 802 864 ad
813 811 954 865 ultimum
969 809 1104 865 ellectum
1118 810 1275 877 subsistam
1289 812 1337 865 vel
1350 799 1405 865 ‘sd-

223 900 282 949 tcm
297 911 365 949 cnm
380 893 565 948 intermediis
580 893 737 946 effectibus
756 890 1030 945 Pncdestinationis
1049 890 1267 945 connexionem
1289 891 1400 959 habene

222 974 298 1028 alias
311 975 407 1044 prime
428 974 546 1027 vocatio
565 972 671 1026 etlicax
683 988 743 1025 uon
757 976 835 1026 esset
847 971 969 1025 effectus
987 970 1272 1039 PraedcstinotioniS,
1284 986 1353 1027 cum
1365 986 1405 1026 se·

222 1056 355 1110 cundum
366 1070 398 1109 se
412 1070 472 1107 non
487 1058 606 1107 maneat
617 1054 648 1106 in
664 1052 770 1123 glorian
786 1051 923 1105 similiter
934 1065 1022 1120 opere
1036 1050 1291 1106 memoriaenon
1303 1053 1340 1105 ab
1353 1053 1405 1106 linc

224 1136 336 1190 ratione
346 1136 472 1189 eiiectus
483 1138 717 1199 removerentur,
729 1133 781 1185 vix
791 1133 881 1191 cuim,
894 1132 952 1184 imo
963 1132 1023 1185 iere
1033 1145 1180 1200 nusquam
1191 1131 1230 1185 ad
1241 1138 1404 1188 extremum

222 1230 319 1285 usqne
332 1219 533 1285 perseverant:
544 1220 611 1267 tum
622 1213 694 1281 quia
704 1213 839 1265 hemines
853 1212 884 1265 in
898 1211 963 1280 ipso
976 1211 1077 1265 mortis
1089 1211 1211 1281 periodo
1229 1211 1405 1283 aliquandiu

222 1296 427 1349 destituuntur
440 1308 499 1347 usu
510 1293 644 1347 rationis:
658 1298 721 1347 tum
732 1294 804 1361 quie
814 1291 914 1361 plures
924 1295 989 1360 post
1000 1295 1121 1345 mortem
1131 1290 1227 1361 ipsum
1238 1292 1406 1349 immediate

221 1376 348 1443 gloriam
368 1380 508 1427 mtemam
530 1389 589 1427 nou
611 1378 846 1441 consequuntur,
867 1371 919 1425 sed
939 1371 991 1424 diu
1010 1371 1041 1424 in
1056 1370 1232 1441 Purgatorio
1250 1372 1405 1443 culparum

225 1455 365 1523 reliquias
384 1454 507 1507 solvunt
525 1460 555 1507 et
574 1453 706 1507 diluunt.

278 1533 432 1587 Isaras'r:
453 1532 508 1585 Ille
528 1534 667 1603 specialis
688 1532 800 1603 gradm
818 1532 920 1601 glorirc
939 1547 998 1584 non
1018 1530 1287 1587 tribuitur'homini
1300 1534 1406 1604 praede-

223 1614 334 1667 stineto
353 1618 472 1683 propter
487 1613 735 1681 justificationem
761 1618 936 1681 reparatam,
965 1611 1016 1665 sed
1044 1615 1163 1681 propter
1188 1614 1405 1681 poenitentiam:

222 1709 294 1763 crgo
314 1694 366 1746 illa
381 1693 557 1759 justificatio
579 1693 754 1748 nullatenus
767 1702 812 1747 est
823 1692 945 1746 erfectus
959 1691 1240 1747 Praedestinationis.
1262 1692 1406 1750 Probatur

222 1774 411 1827 «amamus
430 1773 507 1827 illud
527 1772 606 1827 euim
623 1773 675 1839 Jus
694 1773 732 1825 ad
751 1788 819 1825 eum
840 1770 998 1840 specialem
1010 1771 1113 1841 gloriae
1131 1770 1258 1841 gradum
1279 1790 1341 1829 non
1359 1788 1405 1829 ex·

223 1854 332 1908 titisset
349 1853 490 1923 amplius,
511 1853 569 1906 nisi
598 1854 775 1921 penitentia
803 1853 1011 1905 successisset:
1040 1866 1111 1921 ergo
1137 1852 1194 1921 ipsi
1224 1854 1404 1922 prenitentiae

223 1934 414 1988 tribuendum
434 1940 487 1987 est.
503 1932 589 1986 Adde
608 1933 688 2001 quod
707 1947 830 1985 causare
849 1936 995 2000 supponat
1014 1947 1096 1984 esse:
1116 1931 1167 1985 scd
1186 1934 1285 2002 gratia
1301 1934 1406 2003 justin-

223 2030 295 2066 eaus
315 2029 366 2082 per
385 2020 539 2082 peccatum
561 2013 683 2065 omniuo
703 2013 835 2065 extincta
853 2017 917 2065 est:
937 2027 1007 2079 ergo
1026 2027 1084 2064 uon
1110 2018 1205 2080 potest
1233 2028 1300 2069 esse
1319 2030 1406 2071 muso

224 2094 306 2147 illius
330 2094 408 2159 juris
436 2093 472 2146 ad
499 2092 660 2161 specialem
680 2092 783 2161 gloriae
802 2091 937 2159 gradum.
959 2121 994 2128 —
1012 2092 1179 2159 Distinguo
1200 2096 1405 2151 antecedunt

224 2174 298 2227 illud
315 2174 366 2239 jus
387 2174 527 2227 tribuitur
554 2172 772 2226 l¹rredestinuto
797 2176 915 2240 propter
933 2171 1146 2239 poenitentiam,
1167 2178 1322 2242 tamquam
1341 2190 1406 2230 can·

223 2270 285 2305 sam
306 2269 358 2321 per
377 2252 516 2305 accidens
536 2258 566 2304 et
586 2256 785 2305 removentem
813 2251 842 2303 id
869 2250 945 2319 quod
966 2253 1121 2306 amovebat
1150 2252 1226 2305 illud
1251 2254 1315 2321 jus,
1341 2270 1405 2311 eon·

223 2334 315 2385 cruia:
337 2340 488 2399 tamquam
509 2346 630 2385 eausam
651 2346 704 2399 per
716 2346 747 2383 se
762 2332 901 2383 motivam
915 2335 944 2383 et
959 2331 1108 2395 moralem,
1124 2348 1220 2401 nego:
1243 2336 1407 2391 restituitur

223 2414 304 2465 ‹ruim
326 2412 399 2464 illud
416 2412 467 2477 jus
487 2418 606 2479 propter
628 2412 784 2480 ipsammet
799 2411 946 2477 justitiam
967 2411 1132 2479 pristinam,
1154 2427 1221 2480 quac
1243 2430 1346 2469 revera
1364 2422 1409 2471 est

224 2508 315 2544 causa
337 2492 447 2544 nmtira
466 2496 495 2543 et
516 2491 645 2551 moralis,
667 2491 754 2557 eujus
775 2492 896 2555 iutuitu,
911 2490 1008 2544 ablato
1027 2492 1297 2560 perprrnitentiam
1319 2496 1407 2566 impe·

226 2571 369 2635 dimento,
392 2570 472 2623 lieus
492 2570 538 2621 vel
561 2571 687 2638 priorem
708 2571 834 2639 gratiam
857 2572 885 2622 iu
907 2570 1070 2639 individuo,
1091 2571 1137 2625 vel
1159 2572 1249 2626 aliam
1279 2574 1406 2629 similem

227 2651 358 2704 iuiuudit
377 2658 406 2704 et
427 2650 573 2715 restituit,
595 2651 626 2703 in
647 2665 706 2719 qna
726 2651 823 2720 gratia
838 2651 888 2716 ,ius
909 2650 983 2703 illud
997 2650 1033 2704 ad
1047 2651 1204 2721 specialem
1225 2652 1330 2723 gloria·
1343 2670 1405 2726 gru·

225 2731 295 2784 dum
318 2732 468 2784 lumlatur.
493 2730 579 2782 liade
600 2746 781 2798 quamquam
804 2731 853 2783 illa
873 2731 969 2800 gratia
983 2747 1034 2800 per
1047 2738 1201 2800 peecatum
1222 2735 1347 2802 physice
1360 2751 1406 2790 ex-

225 2811 318 2866 tiueta
339 2812 437 2876 iirerit,
459 2811 656 2864 nihilominus
677 2812 786 2863 mansit
807 2811 955 2864 moraliter
975 2812 1004 2863 in
1025 2813 1226 2880 acceptatione
1239 2821 1269 2868 ct
1282 2815 1406 2870 testimu-

225 2893 304 2946 tieue.
324 2892 436 2958 diviua,
460 2892 498 2944 ita
518 2892 597 2959 quod
619 2891 700 2945 lleus
720 2907 757 2942 ex
778 2891 851 2943 mira
871 2907 923 2943 sua
944 2907 1014 2959 erga
1029 2891 1126 2958 just-os
1145 2899 1174 2946 et
1196 2895 1309 2948 amicos
1329 2895 1407 2950 beni·

224 2972 338 3038 gnitate
358 2980 386 3026 et
407 2973 608 3025 misericordia
629 2973 702 3025 velit
721 2987 770 3023 eos
791 2972 914 3039 priorem
936 2971 964 3022 iu
985 2971 1111 3040 gloriam
1127 2973 1291 3042 restituere,
1308 2976 1408 3031 statim

223 3067 257 3101 ae
274 3069 324 3118 per
338 3053 541 3120 prr-nitentium
558 3053 709 3106 sublatum
724 3052 813 3104 luerit
827 3052 940 3118 peceati
954 3051 1207 3119 impedimentum.

281 3129 433 3184 iliatam:
457 3131 551 3184 Etiam
578 3133 675 3200 gratia
701 3146 791 3198 quam
819 3132 958 3198 reprobus
984 3131 1082 3184 amisit
1101 3137 1200 3186 manet
1225 3133 1256 3187 in
1285 3133 1342 3189 Dei
1361 3151 1406 3190 ae-

224 3211 401 3278 mptatioue,
416 3217 557 3263 ettamen
578 3211 630 3263 illa
651 3227 709 3263 uon
732 3218 777 3264 est
796 3211 916 3263 effeetus
937 3210 1217 3278 l'rrcrlestiuatiouis,
1238 3214 1291 3268 sed
1320 3229 1406 3286 gene·

226 3289 295 3341 ralis
317 3289 534 3342 l'rmidentiw:
556 3305 627 3358 ergo
656 3305 753 3358 neque
782 3291 878 3358 gratia
897 3291 1005 3343 aruisse
1026 3290 1240 3347 Praulestiuati.
1261 3323 1298 3333 —
1318 3297 1407 3364 Rogo

224 3371 492 3433 consequentiam:
514 3369 674 3438 disparitas
693 3371 772 3423 enim
793 3378 847 3428 est,
869 3370 947 3437 qrrod
960 3371 1056 3438 prat-ia
1076 3371 1280 3428 predestinati
1290 3374 1344 3442 jus
1356 3375 1407 3430 aii-

225 3449 345 3516 quaudo
366 3450 501 3502 uetuerit
521 3450 557 3501 ud
578 3450 703 3518 gloriam
724 3450 921 3502 iuiirlliliiliter
940 3451 1187 3518 consequendam,
1203 3453 1283 3521 quod
1303 3457 1406 3526 utique

224 3529 320 3594 gratia
337 3528 506 3592 justiiiraus
522 3530 669 3582 interdum
686 3531 807 3598 reprolro
827 3545 964 3582 concessa
986 3546 1132 3598 nusquam
1153 3532 1208 3585 sibi
1228 3534 1404 3598 vindicavit,

225 3615 340 3660 tautum
355 3609 434 3662 euim
449 3609 515 3672 eius
528 3609 651 3662 ellectus
666 3609 837 3677 temporalis
852 3610 915 3662 luit.

284 3765 516 3824 conoluflio
537 3767 678 3824 tortia.
699 3799 733 3806 —
753 3771 984 3823 (l1.arr11··r‹r.-rr·m
1007 3787 1062 3824 usu
1092 3787 1218 3826 remmus
1248 3789 1409 3834 territurus

229 3845 557 3900 l'irdlrrits'rixu'ruisis.
582 3848 650 3900 llice
669 3849 850 3902 suilieieuter
868 3856 948 3917 patet
967 3867 1002 3903 ex
1024 3851 1120 3916 dietis,
1142 3854 1271 3909 inanime
1292 3871 1331 3910 ex
1356 3857 1405 3911 illo

224 3924 260 3976 ad
283 3925 363 3977 llmu.
385 3931 411 3978 s,
435 3931 510 3987 Quas
535 3928 643 3978 vafra-ir
666 3929 892 3996 etpurificavit.
922 3931 985 3982 illes
1013 3934 1039 3981 e!
1064 3932 1257 4000 parificavit·
1285 3935 1406 3992 vocatio

224 4006 304 4057 euim
324 4013 354 4058 et
373 4005 553 4058 dustiiicatio
573 4014 642 4060 suut
662 4024 759 4060 eausa·
780 4009 873 4076 ipsius
893 4010 1014 4079 glorier:
1035 4013 1086 4065 sed
1113 4013 1157 4064 luc
1185 4021 1257 4068 sunt
1285 4017 1406 4072 effectus

227 4085 518 4138 l'raulestiuatiouls:
539 4103 609 4154 ergo
628 4095 658 4140 et
677 4087 739 4146 illa,
761 4105 828 4140 nam
850 4090 928 4156 ‹prml
948 4101 991 4144 est
1017 4107 1107 4145 causa
1132 4108 1230 4147 causa·
1250 4103 1297 4151 est
1318 4099 1405 4152 etium

229 4181 319 4217 caiisa
338 4166 462 4218 causati.
484 4165 544 4218 Nee
568 4173 664 4232 retert,
685 4168 764 4235 qumi
785 4171 944 4236 proverbe
972 4172 1152 4238 ‹limisit-urit
1180 4175 1277 4228 versio
1303 4173 1405 4232 Gracco

228 4245 315 4297 lilibet
338 4245 550 4312 turparem-ir.
574 4262 663 4314 quam
683 4249 773 4300 etiam
788 4249 886 4316 plures
900 4251 994 4304 suncti
1011 4252 1110 4304 l'utres
1125 4253 1262 4322 retinent,
1278 4257 1406 4312 maxime

227 4324 435 4392 Hieronymus,
457 4324 684 4392 chrysostomus
703 4334 733 4381 et
746 4327 939 4382 Ambrosius:
960 4346 1027 4383 uam
1043 4345 1237 4402 preterquam
1251 4337 1332 4405 quod
1342 4335 1404 4392 vul·

224 4411 294 4470 patu
317 4401 434 4470 latina,
455 4406 631 4459 auctoritate
652 4409 804 4474 poutiiieia
831 4418 860 4461 et
889 4409 1013 4464 Concilii
1044 4412 1211 4468 Tridentini
1242 4417 1409 4488 recognito,

228 4484 350 4535 rerlium
373 4483 564 4551 (ilorifieoeit,
577 4485 640 4550 jam
655 4487 769 4554 pridem
789 4504 807 4541 a
826 4490 936 4543 sanctis
955 4490 1125 4561 Augustino
1141 4505 1170 4547 et
1183 4494 1345 4566 Fulgentio
1357 4511 1405 4554 οἱ·

226 4576 370 4630 pressum,
386 4563 572 4616 retinendum
586 4581 652 4619 esse
665 4567 798 4632 censuim
813 4569 900 4622 etiam
915 4580 1014 4639 aperto
1027 4573 1146 4628 videtur
1158 4581 1280 4630 sanetus
1292 4575 1411 4634 rnatu·

223 4641 370 4695 vocabulo
391 4643 574 4712 (ilorislearit
592 4644 755 4718 designare
775 4647 899 4716 gloriam
912 4657 1063 4718 artemam,
1079 4667 1137 4706 uon
1151 4669 1221 4708 roro
1239 4655 1411 4714 cladium
