3067 5400
236 595 303 662 406
571 612 617 661 na
640 611 758 661 causa
781 610 1075 660 aaraouamoura

236 734 284 791 tia.
298 736 349 789 aed
362 733 524 789 miser-eutis
534 733 610 787 Dei:
630 734 758 802 idipsum
779 735 933 787 confirmat
952 734 1089 802 exemplo
1110 732 1285 795 Pharaonis,
1302 732 1374 801 quia
1387 732 1419 785 in

236 816 288 868 boc
301 815 400 884 ipsum
413 814 538 869 excitari
550 816 575 867 te
588 816 621 867 ut
634 815 784 867 ostcuduru
796 814 828 866 iu
839 816 863 867 ic
876 813 1012 866 ra'rtutcra
1026 828 1131 877 meatu,
1143 813 1169 865 et
1180 814 1213 865 ut
1222 812 1420 866 annuntietur

237 911 341 948 rrmaea
355 910 455 948 meacm
468 894 500 947 iu
513 894 650 947 teuivcrsa
666 896 759 946 terra:
780 892 860 947 unde
879 892 1032 946 concludit
1050 892 1221 961 Apostolus:
1236 892 1317 961 Erpo
1333 893 1419 960 ciuus

239 976 301 1029 ertit
314 974 477 1041 miseretur,
492 976 519 1027 et
531 989 618 1042 quem
632 975 695 1026 vult
707 972 849 1037 irrdruut;
861 980 890 1027 ct
903 988 970 1026 mox
985 972 1041 1026 sibi
1054 972 1213 1038 objiciens:
1225 971 1310 1025 Dicis
1324 971 1421 1043 itaque

236 1054 322 1121 aridi,
345 1053 419 1123 quid
440 1054 538 1107 adbuc
550 1053 717 1123 quaritur?
751 1053 902 1107 Voluntati
919 1052 982 1120 <ius
1001 1052 1068 1121 quis
1093 1051 1225 1107 resistit?
1250 1052 1318 1107 Non
1337 1052 1417 1106 aliud

237 1133 394 1203 respondet
406 1149 507 1202 quam:
524 1134 652 1195 Oborao,
670 1137 702 1185 tu
713 1132 781 1201 quis
796 1149 825 1185 es
840 1132 892 1201 qui
907 1133 1079 1201 respondeus
1097 1132 1173 1186 Deo?
1191 1131 1283 1196 Quasi
1298 1132 1417 1197 dicaret,

238 1230 257 1267 a
285 1214 348 1267 sola
375 1214 431 1267 Dei
460 1213 614 1267 voluntate
643 1212 888 1281 Reprobationem
909 1211 1047 1282 pendero.
1069 1210 1154 1276 Quod
1178 1212 1336 1267 confirmat
1360 1227 1420 1267 rar-

240 1309 292 1347 sus
311 1293 448 1362 exemplo
467 1293 563 1361 figuli:
578 1292 736 1361 Numquid
748 1292 819 1346 dicit
832 1290 1006 1360 fruianum
1019 1292 1054 1355 ci,
1069 1292 1122 1363 qui
1134 1292 1274 1361 fiuritse,
1289 1293 1419 1363 quidue

237 1372 333 1439 s'eeristi
345 1372 408 1425 sie?
426 1374 472 1425 Aa
490 1388 546 1425 uou
562 1373 646 1424 bairai
655 1373 826 1440 potestatem
839 1372 950 1440 {ipatius
963 1372 1019 1425 laeti
1031 1388 1068 1425 ea·
1080 1374 1181 1425 eudem
1200 1386 1301 1427 massa
1326 1371 1419 1440 soem

238 1452 324 1505 alicui
335 1452 455 1521 quidem
465 1469 516 1505 ras
527 1451 556 1503 iu
569 1451 813 1516 honoramenta
825 1467 887 1504 cero
896 1451 929 1505 ia-
941 1452 1170 1505 omituurelioru?
1183 1451 1274 1516 Quasi
1288 1452 1418 1507 diceret:

240 1531 491 1599 quemadmodum
502 1530 613 1600 figulus
623 1546 675 1600 pro
685 1531 840 1585 voluntate.
855 1538 885 1585 et
903 1532 1024 1585 arbitrio
1040 1547 1076 1585 ex
1091 1531 1195 1585 eadem
1212 1547 1311 1586 nrassa
1326 1538 1419 1586 terrea

237 1611 321 1664 aliud
339 1610 455 1680 effingit
472 1625 525 1663 vas
539 1611 569 1663 ia
586 1611 735 1678 bonorem,
752 1610 835 1663 aiiud
849 1611 878 1663 in
892 1611 1113 1677 contumeliam,
1128 1612 1169 1665 ita
1183 1610 1276 1671 Deus.
1291 1626 1345 1681 pro
1365 1626 1417 1665 sna

239 1690 374 1745 libertate
392 1695 423 1745 ct
440 1689 604 1753 voluntate,
624 1691 740 1758 aliquos
760 1691 867 1760 selegit
886 1691 924 1743 ad
943 1691 1081 1760 gloriam,
1105 1691 1178 1744 aiios
1207 1692 1238 1744 in
1268 1697 1419 1746 contume-

238 1770 308 1824 liam
337 1771 466 1824 destinat
493 1776 523 1824 et
542 1770 573 1823 iu
595 1771 783 1839 opprobrium
814 1771 1092 1838 sempiternum-
1111 1772 1295 1837 Respondeo
1315 1774 1340 1825 1.
1360 1768 1419 1823 Nos

239 1852 309 1904 baie¹
327 1850 484 1917 objectioni
501 1850 564 1917 jam
584 1855 684 1919 aperte
702 1851 808 1903 iecisse
828 1851 901 1903 satis
921 1850 951 1901 in
973 1850 1140 1912 Quastione
1166 1851 1204 1904 de.
1225 1850 1416 1905 Prudestiaa·

236 1932 317 1985 tione
335 1934 401 1999 post
419 1931 545 1999 praevisa
565 1931 687 1984 merita:
708 1932 744 1983 ad
766 1932 821 1983 boc
841 1929 938 1983 solum
958 1930 1035 1983 addo
1054 1931 1222 1999 negandam
1243 1946 1309 1985 esse.
1329 1932 1418 1987 ariao·

238 2024 311 2066 reru:
324 2010 403 2063 etad
422 2010 488 2077 ejus
507 2010 694 2079 probationes
713 2010 790 2071 dieo,
813 2009 892 2062 Esau
912 2009 979 2063 odio
993 2010 1093 2063 baberi
1108 2019 1269 2079 antequam
1284 2024 1354 2083 agat
1367 2016 1417 2069 1111.

236 2090 408 2159 quidboni,
429 2091 475 2143 vel
497 2090 576 2149 mali,
599 2091 670 2157 quia
689 2091 790 2143 mitius
811 2089 948 2158 diligitur
966 2096 995 2143 et
1016 2092 1188 2157 reprobatur
1207 2106 1225 2143 a
1244 2094 1343 2161 gratia
1361 2094 1416 2149 affi-

236 2172 310 2229 caci.
331 2185 420 2237 quam
440 2170 532 2238 gratis
551 2176 635 2223 etex
656 2186 730 2237 pura
749 2170 804 2222 Dei
828 2170 1028 2223 misericordia
1049 2170 1144 2222 Jacob
1163 2172 1305 2245 accipita
1324 2189 1416 2245 neque

236 2250 343 2303 similis
361 2256 407 2303 est
426 2250 500 2303 ratio
519 2249 626 2302 amoris
646 2250 739 2302 Jacob
759 2256 789 2303 et
809 2249 869 2301 odii
891 2250 980 2311 Esau,
1001 2249 1072 2317 quia
1091 2250 1185 2303 Jacob
1214 2258 1334 2307 amatur
1356 2270 1418 2324 pro-

237 2338 301 2399 pter
321 2331 397 2381 bona
416 2344 513 2397 opera,
534 2344 600 2396 quac
620 2330 802 2397 proveniunt
820 2345 857 2381 cx
878 2329 984 2397 gratia,
1004 2344 1092 2397 quam
1113 2329 1196 2382 Deus
1215 2346 1252 2384 ox
1273 2348 1349 2400 pura
1368 2336 1416 2389 nri·

239 2408 397 2463 sericordia
412 2408 547 2477 largitur,
561 2413 591 2461 et
606 2409 724 2468 ideirco,
738 2409 805 2461 Nau
819 2411 860 2461 est
878 2408 1004 2465 coleretis.
1020 2425 1110 2477 reoque
1123 2410 1269 2463 cau-uuita
1287 2413 1325 2466 ad
1344 2414 1417 2468 bano

240 2490 377 2559 gratiam,
398 2488 449 2541 sed
469 2488 562 2541 solius
580 2488 636 2541 Dei
650 2488 829 2541 ausu-catis:
854 2488 933 2541 Esau
952 2504 1021 2541 voro
1040 2503 1098 2541 non
1120 2489 1246 2543 babetur
1265 2492 1343 2559 odio,
1363 2494 1419 2548 nisi

238 2574 356 2637 propter
374 2576 538 2635 peccatum,
560 2568 638 2636 quod
657 2569 694 2620 ab
716 2570 779 2637 ipso
799 2569 862 2621 Deo
892 2583 951 2620 nou
980 2569 1161 2635 intruditur,
1182 2584 1238 2623 trec
1258 2573 1418 2640 perficitur.

238 2649 290 2703 sed
318 2648 489 2718 prohibetur
516 2655 545 2703 et
568 2649 700 2717 punitur.
725 2645 880 2716 Similiter,
902 2663 969 2702 cum
990 2648 1099 2703 dieitur
1123 2648 1236 2704 i‘barao
1262 2654 1416 2720 excitatns

238 2734 273 2782 ut
291 2729 373 2783 Deus
392 2729 497 2797 inipso
516 2729 651 2782 ostendat
670 2729 811 2782 virtutem
831 2745 925 2795 suam,
942 2729 993 2781 iila
1009 2730 1154 2782 b'rritutio
1168 2732 1267 2798 potins
1280 2741 1419 2790 eventum

237 2809 396 2878 significat,
418 2824 506 2876 quam
526 2824 645 2862 causam
666 2809 795 2861 tiruucm.
828 2808 954 2877 insuper
989 2817 1176 2877 coraparatur
1204 2811 1288 2866 licus
1318 2814 1420 2884 Fipuio

237 2889 358 2942 tacicnti
380 2889 463 2942 aliud
483 2904 535 2941 vas
556 2891 584 2942 ia
606 2890 756 2954 honorem,
777 2890 862 2941 aliud
883 2890 913 2941 iu
935 2889 1156 2952 contumeliam,
1176 2895 1211 2944 ut
1236 2893 1421 2962 significetur

237 2984 305 3022 eram
325 2970 441 3037 aliquos
459 2969 596 3037 equidem
610 2969 758 3022 destinare
773 2970 809 3021 ad
826 2969 962 3037 gloriam,
977 2969 1051 3021 alios
1064 2976 1164 3022 autem
1179 2970 1216 3022 ad
1231 2974 1418 3041 opprobrium

237 3057 391 3114 ceterarum,
412 3049 464 3102 seui
484 3056 548 3117 post
567 3051 692 3117 praevisa
712 3050 841 3116 ipsorum
864 3065 962 3117 opera,
984 3065 1039 3102 uec
1067 3050 1146 3102 enim
1173 3065 1297 3106 necessa
1325 3060 1370 3109 est
1387 3063 1422 3108 ut

237 3130 416 3196 comparatio
435 3130 466 3181 iu
480 3130 618 3182 omuibus
631 3129 765 3196 quadrat,
790 3130 841 3181 scd
862 3130 980 3184 suffieit.
999 3129 1077 3197 quem
1099 3130 1130 3181 in
1149 3130 1251 3198 aliquo
1273 3134 1419 3204 signitica-

239 3209 348 3261 tionem
372 3209 512 3262 obtineat.
537 3208 622 3262 Adde
641 3210 719 3276 quod
740 3210 850 3261 ibidem
868 3209 1026 3276 Apostolus
1046 3201 1141 3262 solum
1158 3210 1298 3278 loquatur
1308 3213 1346 3268 da
1364 3214 1419 3268 eie·

238 3288 335 3341 ctione
355 3289 392 3340 ad
410 3289 535 3356 gratiam
556 3297 586 3342 et
605 3289 693 3341 tidem
713 3287 925 3354 Christianam,
946 3305 1012 3356 qua·
1032 3305 1068 3341 cx
1090 3305 1170 3342 utera
1183 3289 1237 3342 Dei
1259 3294 1419 3348 miscricor-

239 3368 425 3436 (impendet,
447 3383 595 3436 quartique
615 3368 698 3420 nulla
719 3370 877 3437 promereri
900 3377 1022 3437 possunt
1049 3371 1126 3421 traua
1153 3385 1241 3438 opera
1273 3375 1417 3428 namraiia

240 3447 416 3507 Gentilium,
431 3463 485 3501 acc
497 3448 605 3516 legalia
616 3447 804 3514 Judaorum3
827 3455 860 3501 ut
880 3456 994 3502 constat
1014 3449 1121 3502 ibidem
1136 3466 1152 3501 a
1170 3466 1251 3503 rursu
1267 3451 1311 3507 nt.
1324 3469 1416 3522 usqam

241 3529 269 3581 iu
290 3530 378 3580 tinem
398 3528 522 3596 capitis:
543 3529 696 3597 signanter
714 3528 794 3581 caim
818 3529 900 3581 elicit:
927 3528 1004 3589 Quid
1015 3546 1080 3596 erqo
1092 3528 1232 3592 alteratus,
1251 3533 1331 3599 qamt
1346 3537 1418 3586 (rm.

241 3611 290 3660 tes.
312 3608 365 3676 qiu
386 3623 441 3659 uon
456 3609 640 3660 sectamura·
650 3608 802 3674 Justr'tiaru
824 3610 1081 3676 ‹rppreumdcrmu
1097 3609 1257 3675 justinian,
1267 3613 1415 3677 jerair'tiam

238 3690 347 3747 cerrima,
363 3703 476 3756 qruece
489 3687 616 3754 sideest:
633 3688 723 3740 Israel
738 3705 800 3738 cero
812 3688 948 3740 see-tatuit)
960 3689 1194 3754 lquerrrjrrstitr'u,
1210 3689 1242 3742 iu-
1263 3693 1352 3760 upum
1373 3694 1419 3760 ju-

238 3766 326 3818 stitae
340 3782 396 3817 riou
412 3766 565 3833 pac-mur

294 3845 390 3898 iuras
409 3845 442 3898 2:
472 3845 599 3899 Sanctus
627 3846 817 3915 Arrgustiuus
847 3847 956 3913 piuribi
984 3849 1089 3900 asserit
1112 3863 1169 3900 non
1193 3864 1277 3916 possa
1297 3851 1419 3920 proferri

236 3927 332 3980 ullam
349 3925 490 3978 rationem
504 3925 786 3990 praedestinationis,
808 3925 854 3978 vel
870 3925 1108 3994 improbationis:
1129 3929 1170 3980 ait
1182 3929 1260 3981 enirn
1276 3939 1362 3987 tract.
1377 3931 1417 3984 26.

237 4007 267 4060 in
288 4006 447 4060 Joannom:
471 4009 566 4066 diruere
586 4006 669 4058 illum
691 4007 790 4058 terebat
810 4008 836 4054 et
858 4006 944 4059 iilum
965 4025 1020 4059 uem
1043 4009 1150 4074 trabat,
1167 4008 1226 4062 mu
1245 4009 1418 4077 ‹Iijruie'cum

235 4087 262 4139 ai
283 4102 339 4138 riou
363 4084 404 4137 ris
422 4100 541 4140 erran-e:
559 4093 589 4140 et
609 4086 660 4139 lib.
681 4085 725 4138 De
749 4087 829 4138 ltouo
853 4088 1073 4139 l'ersuuruutire
1092 4103 1156 4156 cap.
1180 4091 1221 4142 11.
1246 4089 1308 4142 (ier
1325 4095 1417 4145 aretae

233 4167 333 4236 partiris
357 4165 427 4230 iltis,
447 4181 539 4234 eleuare
559 4166 618 4218 iuis
636 4167 731 4226 (letter,
757 4166 824 4234 qrrr's
843 4166 972 4233 emptori!
1000 4183 1117 4220 seersum
1148 4168 1297 4223 Domitii?
1315 4174 1365 4226 rte.
1387 4163 1422 4225 Et

235 4261 301 4315 cap.
325 4246 367 4298 12.
390 4246 466 4300 idem
486 4252 620 4313 repetens
633 4246 684 4298 ait:
703 4251 762 4297 t'ur
779 4247 858 4298 trau*
867 4247 967 4314 prodires
978 4247 1084 4306 liberet,
1099 4265 1188 4316 quam
1205 4248 1303 4320 illu-ru,
1318 4251 1419 4306 iterum

235 4329 323 4394 atalae
342 4325 448 4376 turcas
467 4323 616 4382 elicimus:
634 4341 650 4376 o
668 4327 752 4377 taam
772 4328 804 4376 tu-
824 4326 891 4394 qur's
909 4343 948 4388 cs,
971 4329 1002 4378 ut
1023 4329 1195 4395 respondeas
1216 4327 1300 4384 Deo?
1320 4329 1378 4385 Sed
1397 4331 1420 4386 si

237 4412 393 4474 peccatum
412 4413 490 4459 esset
508 4418 599 4457 causa
618 4403 843 4474 Reprobationis
864 4407 1008 4474 positiva,
1021 4423 1121 4460 revera
1142 4409 1220 4476 quis,
1242 4410 1356 4480 absque
1376 4427 1420 4484 pe-

239 4485 333 4537 riculo
351 4483 468 4548 erroris,
482 4484 519 4538 de
533 4485 587 4538 boc
603 4485 751 4552 judicium
772 4491 870 4552 terret,
886 4485 1065 4555 Domitiique
1079 4503 1197 4542 sensum
1212 4497 1420 4560 cognosceret:

238 4577 309 4630 ergo
330 4577 432 4617 revera
450 4579 510 4617 aon
530 4564 572 4618 ita
590 4566 631 4619 tit.
652 4595 688 4604 —
707 4567 890 4633 Respondeo
909 4567 935 4619 1.
957 4565 1046 4620 Recte
1064 4569 1095 4620 ia
1115 4568 1311 4624 adversarios
1338 4585 1422 4642 porco

241 4643 405 4710 retorqueri
424 4655 654 4714 argumentum
674 4646 699 4699 si
718 4646 798 4699 enim
819 4645 870 4698 iila
884 4645 1060 4715 Repmbatio
1072 4663 1108 4701 ex
1123 4649 1185 4702 saia
1198 4649 1254 4704 Dei
1268 4651 1422 4708 voluntate
