3067 5400
179 562 246 626 104
602 580 648 627 na
673 580 766 628 roais
790 580 930 628 ommis.

231 701 403 755 (turrensi
429 702 448 754 i.
471 701 551 755 Deus
570 714 650 756 certo
669 703 751 756 novit
772 709 891 771 pmcata
912 706 1010 756 futura
1030 703 1086 755 sub
1099 702 1285 756 conditione:
1304 703 1355 757 scd

175 783 229 835 iila
248 797 307 834 non
327 783 409 835 novit
428 782 459 835 in
478 782 610 836 decreto:
630 798 701 852 ergo
720 784 929 837 antecedenter
941 783 978 835 ad
999 782 1075 836 iliud
1094 798 1129 836 ca
1142 783 1307 853 cognoscit,
1322 798 1356 836 ac

175 862 299 931 proinde.
319 878 370 929 per
387 862 542 916 scientiam
563 862 700 915 irradiarn.
719 864 862 916 Probatur·
882 862 994 915 ›arrae-
1014 862 1038 915 si
1060 862 1140 915 Deus
1161 863 1292 916 haberet
1309 863 1357 916 de·

176 946 288 995 cretum
309 943 386 994 circa
407 946 525 1010 peccata
545 946 646 995 futura
665 943 809 1005 absolute,
831 941 878 994 rel
899 942 1110 1009 conditionate,
1131 949 1209 996 essct
1233 942 1352 996 iliorum

176 1037 277 1087 causa,
289 1028 318 1076 et
340 1023 393 1090 ipsi
416 1022 525 1090 peccati
546 1022 661 1075 malitia
680 1022 873 1083 tribueretur:
896 1038 954 1075 non
976 1024 1054 1075 enim
1076 1022 1135 1075 alia
1165 1022 1278 1077 rationo
1307 1023 1356 1075 ho·

178 1102 250 1155 rnini
270 1103 404 1171 peccanti
425 1102 536 1155 malitia
558 1102 707 1167 tribuitur,
729 1102 785 1155 nisi
807 1103 876 1170 quia
897 1101 1066 1155 voluntarie
1096 1116 1161 1161 sose
1180 1101 1358 1155 determinat

116 1180 131 1197 “
177 1188 207 1235 et
225 1198 261 1234 cx
282 1199 313 1234 se
332 1182 463 1234 dra-emit
482 1188 580 1234 actum
601 1182 850 1249 peccarninosum.
872 1181 995 1244 Deinde,
1016 1184 1040 1234 si
1064 1188 1218 1250 peccatum
1244 1187 1322 1236 essct
1340 1197 1358 1234 a

114 1292 120 1301 ·
179 1262 242 1315 Deo
260 1262 421 1325 decretam,
438 1261 500 1327 jmn
521 1270 673 1329 peccatum
695 1276 753 1313 non
774 1268 866 1317 essct:
889 1262 917 1313 in
948 1267 1062 1315 tautum
1093 1262 1171 1314 enim
1202 1264 1355 1328 prcccatum

178 1347 233 1401 cst,
256 1342 286 1394 in
305 1352 450 1408 ‹pirantmn
470 1348 514 1393 est
532 1342 711 1394 contrarium
732 1342 842 1394 divina·
862 1341 1026 1405 voluntati,
1053 1341 1105 1393 scd
1130 1341 1155 1393 si
1175 1342 1212 1393 ab
1240 1341 1291 1394 iilo
1310 1341 1357 1393 dc·

178 1427 358 1485 cerneretur,
375 1435 432 1472 non
452 1429 529 1473 esset
542 1422 733 1483 contrarium,
750 1422 807 1474 imo
820 1423 970 1474 conionne.
983 1422 1093 1474 divinae
1110 1420 1273 1474 voluntat-i:
1287 1436 1358 1490 ergo

181 1516 239 1553 non
259 1506 337 1552 esset
356 1511 519 1568 peccatum.
544 1530 579 1537 —
600 1502 689 1567 Nego
708 1503 874 1554 minorem:
894 1501 978 1554 etad
1002 1501 1134 1569 priorem
1160 1499 1359 1569 probationem

180 1580 261 1633 dico:
282 1579 363 1634 Deus
382 1588 568 1649 essetcausa
582 1581 692 1649 pcccati
707 1586 852 1648 quantum
873 1581 909 1633 ad
923 1581 1075 1635 entitatem
1093 1581 1244 1649 physicam
1262 1584 1356 1643 actus,

180 1659 325 1713 concedo:
346 1664 490 1727 quantum
510 1659 547 1711 ad
566 1659 780 1713 deformitatem
796 1667 825 1714 ct
837 1661 997 1713 carentiam
1020 1660 1206 1714 rectitudinis
1226 1659 1357 1723 moralis,

180 1755 274 1809 nego:
295 1740 451 1792 nonenim
472 1739 581 1792 idcirco
600 1740 713 1793 malitia
732 1741 846 1808 peccati
866 1741 977 1793 homini
998 1742 1131 1809 peccanti
1164 1741 1280 1809 proprie.
1308 1740 1358 1793 tri·

180 1821 291 1881 buitur,
312 1820 383 1887 quia
402 1819 533 1872 decernit
551 1824 581 1872 ct
599 1820 749 1873 concurrit
767 1819 805 1871 ad
824 1826 922 1873 actum
944 1820 1181 1887 peccaminosum
1201 1820 1358 1873 entitative

180 1900 410 1961 corrsideraturn‚
430 1898 482 1951 scd
501 1914 535 1951 co
554 1899 632 1967 quod
652 1904 789 1967 operetur
808 1904 842 1952 ut
860 1915 953 1967 agens
982 1900 1101 1965 morale,
1123 1916 1156 1953 ac
1186 1899 1359 1953 ditiormitcr

180 1981 217 2033 ad
238 1979 356 2048 regulas
375 1994 500 2033 morum.
515 1984 543 2031 et
557 1994 621 2032 sese
640 1979 810 2031 substrahat
829 1995 847 2031 a
867 1979 1043 2032 rectitudine
1072 1979 1165 2031 divini
1195 1994 1357 2033 concursus

180 2065 210 2113 ct
229 2060 339 2113 divina·
359 2058 506 2112 motionis.
528 2058 609 2110 Deus
629 2066 726 2111 autina
747 2059 789 2111 ita
809 2074 868 2110 non
887 2059 1047 2126 concurrit,
1061 2076 1115 2113 ncc
1129 2060 1272 2125 decernit,
1287 2058 1358 2127 quia

181 2155 240 2193 non
261 2148 399 2207 operatur
418 2145 451 2191 ut
470 2153 563 2206 agens
583 2136 693 2191 morale
705 2143 735 2190 ct
749 2154 817 2190 cum
831 2138 1027 2205 dependentia
1043 2140 1081 2192 ad
1095 2138 1213 2206 regulas
1227 2153 1357 2201 morum,

180 2220 233 2273 sad
253 2224 286 2271 ut
306 2218 405 2270 Prima
424 2232 514 2270 cansa
532 2225 561 2269 et
579 2224 614 2270 ut-
633 2216 770 2270 Provisor
783 2218 972 2282 universalis,
988 2220 1122 2286 praebens
1136 2219 1274 2271 omnibus
1293 2233 1360 2271 cau-

181 2300 223 2352 sis
242 2299 381 2350 secundis
401 2297 497 2349 media
518 2297 684 2349 neccssaria
702 2297 738 2349 ad
759 2298 918 2367 agendum.
935 2328 969 2335 -
984 2300 1029 2350 tid
1047 2299 1207 2351 scoriadam
1218 2296 1361 2366 palmiro-

185 2394 248 2431 aeor
272 2379 357 2430 dico:
379 2376 536 2429 Peccatum
557 2377 581 2428 si
601 2382 678 2429 esset
698 2378 846 2430 conforme
866 2378 975 2430 divina¹
996 2378 1141 2432 voluntati
1157 2378 1219 2445 jam
1239 2393 1299 2429 non
1318 2393 1361 2431 es·

181 2464 227 2511 set
247 2446 411 2525 peccatum.
432 2457 488 2508 sui)
507 2471 540 2507 ea
562 2456 673 2508 ratione
692 2458 748 2509 sub
766 2472 825 2523 qua
854 2464 931 2510 esset
961 2458 1003 2511 iili
1030 2459 1188 2523 iconiorum,
1209 2457 1359 2511 concedo:

182 2539 238 2590 sun
257 2538 326 2604 clia,
348 2551 443 2604 nego:
464 2542 541 2588 essct
560 2540 659 2588 autern
680 2540 829 2589 cornormc
849 2536 958 2589 divina·
973 2538 1119 2592 voluntati
1133 2536 1297 2590 secundum
1312 2551 1361 2589 en·

182 2618 297 2671 titatcm
317 2616 468 2684 physicam
490 2620 583 2676 actus,
604 2630 671 2682 quar
684 2632 703 2667 a
718 2616 779 2668 lieo
795 2615 974 2675 decernitur,
989 2621 1019 2670 ct
1032 2623 1065 2670 ut
1077 2618 1120 2669 sic
1134 2631 1191 2668 non
1207 2620 1284 2670 esset
1297 2632 1363 2684 pec·

182 2705 298 2752 cuturn:
318 2713 377 2749 non
397 2704 474 2750 esset
492 2706 590 2749 autern
611 2700 760 2750 contorrnc
779 2696 943 2749 secundum
965 2697 1159 2752 moralitatem
1179 2700 1208 2749 et
1227 2695 1363 2749 dci'orrni·

183 2782 273 2831 tatem
294 2777 385 2846 ipsius
404 2782 498 2836 actus,
519 2792 586 2844 quac
606 2792 659 2830 nec
680 2793 697 2828 a
716 2776 779 2828 lieo
799 2777 977 2842 decernitur,
1008 2794 1062 2829 nec.
1092 2777 1273 2846 producitur,
1302 2777 1361 2829 imo

183 2859 370 2926 prohibetur:
391 2857 442 2910 scd
462 2861 576 2910 tantum
598 2856 751 2909 voluntate
771 2863 868 2910 ereata
890 2857 980 2910 iibere
1000 2857 1174 2910 defleo-teate
1203 2857 1359 2910 armtitu·

183 2938 262 2990 dine.
283 2953 349 3005 qrra·
370 2938 494 2989 ducebat
515 2937 610 2988 inesse
629 2936 681 2989 taii
702 2936 792 2988 actui.
818 2935 970 2998 Quomodo
998 2946 1096 2990 autem
1127 2935 1288 3000 moralitas,
1309 2951 1363 2989 seu

183 3018 315 3070 carentia
335 3016 521 3069 rectitudinis
540 3025 624 3068 actus
645 3016 842 3083 peceanrinosi
863 3017 900 3067 ab
920 3017 1042 3070 entitatc
1062 3016 1195 3082 ejusdem
1215 3021 1300 3070 actara
1319 3015 1361 3068 di·

182 3098 362 3164 stinguatur,
386 3096 547 3148 resciretur
568 3095 597 3146 in
618 3094 825 3162 Disputatione
846 3098 992 3162 sequenti.

472 3258 801 3332 altulcctrrc's
832 3259 1088 3331 TERTIUS.

419 3415 470 3467 nr:
492 3413 627 3467 nrvrsn
647 3413 903 3467 rsurnnnere
926 3412 1128 3467 emoneo.

241 3577 373 3629 Divisis
394 3574 563 3628 intellectus
583 3590 640 3626 non
662 3573 771 3626 idcirco
790 3573 938 3640 practicus
958 3572 1135 3640 appellatur,
1151 3572 1229 3640 quod
1249 3571 1365 3625 ordine-

184 3663 234 3708 tur
253 3655 289 3707 ad
309 3654 493 3722 dirigendam
514 3654 709 3707 voluntatem.
730 3668 797 3720 qua·
817 3661 861 3704 est
874 3667 951 3704 vera·
966 3652 1066 3719 praxis
1080 3659 1144 3705 tons
1157 3657 1187 3704 et
1200 3652 1298 3720 origo:
1313 3650 1364 3704 sed

139 3759 145 3770 ·
184 3736 256 3803 (pria
275 3735 351 3786 circa
373 3749 467 3785 rerum
490 3733 718 3800 producibilimn
740 3732 825 3785 ideas
845 3743 989 3784 versatur.
1015 3731 1051 3783 i't
1073 3734 1173 3799 iraque
1194 3731 1275 3784 iliius
1295 3746 1366 3784 cxa-

185 3825 234 3866 cta
254 3814 396 3865 imitentur
416 3813 499 3872 ratio,
521 3812 719 3865 necessarium
740 3823 784 3864 est
803 3821 832 3864 ct
846 3812 966 3868 sutiicit.
981 3810 1149 3866 divinarum
1166 3811 1301 3864 Idearum
1316 3827 1367 3863 na-

186 3901 280 3946 turam
302 3891 527 3958 investigarem
546 3891 716 3959 explanare.
737 3890 822 3953 Quod
841 3901 873 3943 nt
893 3901 997 3943 exactc
1017 3891 1077 3957 iiat,
1098 3892 1134 3943 sit

575 4041 797 4119 QUAESTIO
826 4042 983 4110 UNiCA.

376 4157 439 4213 as.
461 4157 558 4220 mun
581 4157 629 4209 nu
650 4156 755 4220 omn
775 4154 865 4208 srsr
887 4154 992 4208 rnna-1
1014 4153 1173 4207 niman.

242 4293 328 4346 Inna:
349 4307 455 4344 nomen
476 4306 606 4358 graccum
637 4290 814 4342 vocabulum
836 4295 880 4340 est
909 4265 1122 4342 aserim⁸irtm
1145 4287 1231 4350 idest,
1269 4285 1365 4348 Video,

185 4388 239 4426 scu
259 4372 376 4440 Aspicie
394 4372 595 4438 desumptum.
618 4368 786 4436 i'surpatur
804 4377 902 4421 autem
924 4385 940 4420 a
957 4367 1071 4420 irat-inis
1085 4366 1123 4419 ad
1137 4364 1367 4434 significandam

186 4454 308 4506 tonnam
329 4450 540 4519 exemplarem,
561 4465 651 4517 quarn
671 4448 807 4502 intuetur
825 4447 983 4502 artifex-in
1003 4445 1162 4515 operando,
1175 4453 1208 4498 ut
1227 4444 1265 4497 ad
1284 4443 1369 4498 iilius

186 4530 413 4586 similitudine-m
433 4529 547 4597 aliquid
568 4528 717 4581 moliatur.
739 4525 814 4582 Cam
834 4537 934 4581 autern
955 4527 1036 4581 Deus
1059 4540 1216 4594 supremus
1245 4522 1297 4578 illo
1326 4537 1370 4576 re-

186 4625 253 4666 rum
272 4609 379 4678 (ipit'ex
398 4611 528 4678 pert'ccto
548 4609 655 4662 librata
675 4607 789 4662 ratione
808 4607 908 4661 onmia
927 4621 982 4661 sua
1000 4605 1145 4676 producat
1164 4619 1268 4674 opcra,
1298 4603 1369 4657 hinc
