3067 5400
225 595 270 661 34
441 612 485 660 DE
508 610 670 659 scissum
692 610 864 658 SIMPLlClS
889 607 1185 657 INTELLIGENTIAE.

225 751 290 789 esse
309 735 493 804 simpliciter,
513 734 565 788 sed
585 738 700 787 tautum
720 733 757 785 ad
776 748 840 786 esse
860 732 1024 786 secundum
1038 730 1120 800 quid,
1132 730 1272 784 uidelicet
1284 730 1322 783 ad
1335 746 1402 785 esse

224 815 406 869 existentiae:
426 830 496 885 ergo
514 814 593 882 quod
612 819 730 868 creatur
749 813 868 867 nullum
887 828 952 866 esse
981 812 1059 865 reale
1083 812 1234 880 supponit,
1254 811 1402 879 alioquin.

225 896 323 964 inquit
338 895 457 959 Doctor,
481 893 592 947 Cicutio
610 893 712 945 'minam
731 892 785 945 orit
803 892 955 962 productio
972 891 1154 961 senpectas,
1169 906 1260 959 qarom
1274 889 1314 944 ait
1327 891 1405 945 Atte-

226 974 308 1038 ratio,
332 975 380 1027 nbi
398 976 439 1025 ast
455 973 607 1041 productio
626 975 730 1026 saliam
748 972 877 1038 (alicujus
901 974 1049 1041 qrunrium
1067 971 1108 1023 ad
1134 986 1193 1023 esse
1220 971 1400 1023 absolutum.

224 1052 309 1108 Adde
328 1054 406 1124 quod
426 1054 584 1107 existentia
602 1058 647 1106 est
666 1057 782 1107 tantum
803 1053 907 1106 modus
927 1052 984 1106 rei:
1005 1066 1075 1121 ergo
1094 1051 1120 1104 si
1147 1065 1192 1104 res
1220 1050 1405 1119 producatur

223 1140 340 1187 tantum
368 1132 532 1187 seeundum
560 1132 758 1190 existentiam,
779 1147 839 1185 non
865 1131 1043 1200 producetur
1062 1130 1227 1184 secundum
1248 1145 1314 1183 esse
1332 1130 1404 1184 sim-

224 1213 349 1281 pliciter.

277 1295 433 1346 Seeundo:
454 1290 534 1345 Illud
552 1307 617 1346 esse
637 1292 724 1359 reale,
745 1294 769 1344 si
790 1292 869 1361 quod
888 1293 926 1345 ab
945 1296 1054 1345 aterno
1082 1291 1226 1345 haberent
1244 1294 1402 1357 amatura»,

224 1372 271 1425 vel
291 1376 368 1425 esset
387 1387 404 1424 a
425 1371 486 1424 Deo
505 1372 767 1433 communicatum,
789 1371 835 1425 vel
850 1387 919 1424 non.
933 1371 996 1425 Non
1011 1371 1150 1439 primum,
1162 1368 1327 1438 quiaDeus
1341 1385 1404 1423 non

224 1452 425 1505 communicat
443 1466 516 1517 esse,
537 1450 595 1503 nisi
614 1467 666 1520 per
684 1451 918 1519 productionem,
933 1450 1087 1519 productio
1106 1454 1206 1503 autem
1222 1448 1403 1503 terminatur

223 1531 261 1584 ad
282 1546 341 1583 rem
361 1530 547 1597 existentem,
568 1532 659 1584 etsie
678 1531 738 1583 illae
757 1535 899 1585 creaturae
918 1530 1074 1599 possibiles
1095 1530 1222 1582 luissent
1234 1530 1399 1583 existentes

223 1612 261 1663 ab
280 1615 399 1676 aetemo,
419 1610 498 1678 quod
516 1615 561 1665 est
579 1618 681 1664 contra
699 1611 798 1664 iidem.
819 1611 884 1665 Non
903 1611 992 1664 etiam
1014 1609 1190 1675 seeundum,
1210 1609 1282 1678 quia
1300 1612 1396 1663 toturn

223 1706 288 1744 esse
307 1694 458 1756 (ereatura,
479 1700 524 1744 est
542 1706 560 1743 a
578 1690 642 1743 Deo
660 1691 868 1760 participatum
888 1695 918 1745 et
936 1690 1117 1759 dependens.

277 1769 461 1824 Reuereasr
475 1769 568 1839 aliqui
580 1770 712 1824 blodemi
726 1776 820 1825 totum
834 1785 899 1824 esse
912 1775 1123 1831 ereaturarum,
1134 1783 1199 1822 esse
1212 1767 1333 1837 quidem
1347 1767 1401 1820 de-

222 1851 355 1919 pendens
374 1856 403 1904 et
421 1851 629 1919 participatum
649 1855 795 1919 quantum
815 1851 850 1903 ad
870 1851 1069 1916 existentiam,
1081 1864 1141 1902 non
1160 1864 1230 1902 vero
1249 1852 1397 1917 quantum

214 1931 258 2003 ,ad
277 1930 444 1983 essentiam.
466 1960 501 1968 -
520 1932 643 1983 contra:
663 1931 821 1984 existentia
840 1934 885 1983 est
904 1934 1019 1983 tanturn
1040 1928 1144 1981 modus
1164 1943 1262 1981 rerum
1285 1934 1398 1982 ereata·

223 2024 287 2062 rum
300 2027 307 2062 x
327 2025 397 2079 ergo
416 2011 439 2062 si
461 2026 507 2063 res
527 2014 631 2064 creatae
651 2014 768 2064 tantum
781 2009 968 2079 dependeant
980 2025 998 2062 a
1010 2008 1073 2061 Deo
1086 2008 1251 2061 seeundum
1264 2008 1395 2061 existen-

221 2090 303 2156 tiam,
318 2090 486 2157 dependent
504 2094 619 2143 tantmn
639 2089 804 2143 secuudum
818 2091 947 2158 aliquem
967 2089 1014 2142 sui
1034 2088 1164 2153 modum,
1184 2093 1214 2141 et
1227 2086 1398 2141 considera-

221 2173 259 2222 te
277 2168 441 2223 seeundum
461 2184 503 2233 se,
518 2168 652 2223 absolute
670 2185 688 2221 a
706 2169 767 2223 Deo
786 2174 857 2224 sunt
875 2168 1118 2237 independentes.
1134 2166 1256 2234 Dcirtde,
1277 2168 1303 2220 sl
1319 2182 1401 2220 erea-

221 2252 289 2301 tura
307 2252 423 2302 tantum
443 2264 461 2301 a
479 2247 542 2301 Deo
562 2248 727 2316 dependeat
745 2249 844 2317 quoad
862 2264 946 2302 suam
965 2248 1171 2303 existentiam:
1191 2262 1262 2316 ergo
1275 2247 1332 2301 erit
1344 2261 1399 2299 ens

222 2327 419 2382 essentialiter
438 2327 651 2396 independens,
671 2330 800 2382 essentia
818 2329 897 2382 enim
917 2328 982 2395 ejus
1001 2343 1019 2380 a
1037 2327 1122 2380 nullo
1140 2326 1328 2395 dependebit.
1342 2325 1398 2379 De·

221 2407 319 2475 nique,
340 2414 542 2461 ereaturarum
561 2408 696 2461 essentiae
716 2424 801 2477 reque
819 2409 992 2462 viderentur
1010 2408 1194 2472 necessariae,
1205 2422 1241 2459 ac
1260 2406 1399 2460 &entia

222 2486 334 2552 diviua,
355 2502 422 2554 quae
440 2503 458 2539 a
477 2487 561 2540 nullo
580 2488 744 2557 dependet:
769 2488 821 2541 sed
840 2489 893 2541 has
911 2493 941 2542 et
959 2488 1071 2541 similes
1091 2488 1319 2554 consequentias
1346 2486 1397 2539 ad-

225 2566 340 2619 mittere
360 2564 541 2620 Christianos
561 2566 701 2620 dedecet:
721 2584 792 2637 ergo
811 2573 841 2621 et
859 2568 889 2621 id
907 2568 988 2621 unde
1006 2567 1184 2620 inferuntur.

274 2648 397 2699 Tertio:
418 2643 449 2699 Si
469 2653 604 2699 creatura
622 2651 691 2700 ante
709 2649 755 2700 sui
776 2648 1000 2717 productionem
1020 2647 1126 2700 habret
1148 2661 1213 2700 esse
1237 2644 1398 2702 essentiale

223 2727 311 2790 reale,
332 2727 466 2795 sequitur
485 2726 567 2780 illam
587 2742 645 2780 non
665 2743 750 2796 posse
769 2729 939 2795 arinihilari,
960 2730 1038 2781 sicut
1057 2728 1146 2794 enim,
1163 2726 1260 2795 inquit
1273 2726 1394 2790 Doctor,

220 2823 284 2862 esse
304 2807 382 2861 reale
401 2807 536 2861 essentne
555 2812 831 2876 praesupponeretur
849 2808 1001 2874 creationi,
1015 2808 1078 2876 pari
1100 2807 1212 2860 ratione
1231 2813 1397 2860 remaneret

220 2891 286 2956 post
305 2887 559 2940 annihilationem.
582 2885 790 2951 illudentem,
810 2888 897 2956 cujus
915 2887 1044 2941 essentia
1064 2886 1181 2940 realiter
1210 2890 1310 2940 manet
1328 2890 1395 2954 post

218 2967 284 3034 ejus
304 2968 531 3035 corruptionem,
553 2967 651 3020 minus
670 2969 784 3020 censeri
803 2968 891 3021 debet
908 2967 1079 3033 anrrihilam
1101 2982 1190 3035 quam
1210 2965 1286 3019 illud
1305 2966 1393 3033 eujus

220 3046 342 3098 materia
361 3050 521 3114 prumanen
544 3045 595 3097 ilia
614 3047 692 3099 enim
711 3047 840 3100 essentia
856 3047 972 3101 realiter
983 3047 1148 3100 subsistens
1161 3046 1257 3115 magis
1269 3051 1315 3099 est
1328 3061 1394 3099 esse.

219 3124 369 3193 proprium
391 3125 441 3184 rei,
463 3139 552 3192 quam
566 3125 604 3178 sit
618 3127 748 3183 materia.
764 3142 831 3194 qua*
843 3133 912 3180 aute
925 3127 1142 3195 corruptionem
1157 3125 1238 3178 illius
1251 3129 1314 3179 erat
1327 3139 1394 3193 pars

219 3204 421 3258 constitutiva.

272 3285 421 3349 Denique:
440 3284 514 3337 alias
534 3286 661 3339 rationes
679 3286 801 3354 subjicit
815 3287 923 3340 Doctor
941 3301 1070 3356 arguens
1083 3287 1121 3340 ad
1134 3287 1284 3340 hominem
1294 3289 1397 3339 contra

219 3363 391 3417 Hernicum.
413 3363 512 3417 Primo
530 3365 554 3417 si
568 3369 708 3418 creaturae
730 3366 872 3420 haberent
884 3381 948 3419 esse
962 3366 1040 3420 reale
1052 3367 1210 3420 essentiale
1221 3366 1260 3419 ab
1273 3369 1394 3430 aeterno,

218 3448 392 3512 sequeretur
412 3444 525 3513 aliquid
549 3460 614 3499 esse
639 3446 837 3499 necessarium
857 3452 964 3515 prater
982 3446 1089 3514 Deum,
1110 3462 1179 3500 eum
1197 3447 1277 3500 enim
1296 3459 1395 3500 essen-

218 3525 267 3577 tias
288 3539 383 3576 rerum
398 3524 458 3577 sint
471 3525 661 3578 invariabiles
679 3529 709 3579 et
727 3526 911 3592 necessaris,
925 3527 950 3578 si
963 3541 1068 3579 verum
1081 3527 1224 3580 habereut
1236 3540 1302 3580 esse
1315 3526 1395 3580 reale

218 3604 256 3656 ab
275 3608 393 3668 aeterno,
413 3604 501 3656 etiam
515 3610 592 3658 esset
604 3602 719 3672 aliquid
737 3605 935 3659 essentialiter
953 3606 1153 3659 necessarium
1166 3610 1272 3675 praeter
1284 3605 1371 3659 Deun
1386 3645 1393 3658 .

218 3678 355 3736 Secundo
374 3697 442 3735 cum
461 3682 631 3736 intellectus
650 3683 770 3737 divinus
789 3684 828 3737 sit
846 3700 937 3738 causa
954 3686 1109 3746 naturalis,
1121 3691 1151 3741 et
1168 3690 1239 3755 agat
1252 3686 1394 3739 naturali·

218 3767 272 3827 ter,
293 3776 359 3829 quis
378 3761 515 3829 producit
532 3762 747 3815 immediatiora
772 3764 860 3817 latiam
880 3765 1053 3833 perlectiora
1071 3766 1217 3834 producit,
1238 3766 1310 3833 quia
1328 3781 1392 3833 pro·

219 3841 302 3894 dueit
322 3840 372 3892 illa
392 3841 556 3894 secundum
569 3857 685 3896 omnem
705 3857 789 3896 suam
809 3843 990 3898 activitatem
1009 3850 1040 3899 et
1058 3845 1301 3899 loeeunditatem:
1321 3861 1393 3916 ergo

218 3935 286 3973 eum
307 3919 476 3973 intellectus
495 3920 615 3974 divinus
634 3921 777 3990 producat
794 3923 921 3978 rationes
933 3923 1044 3977 idesles
1063 3927 1093 3977 et
1111 3925 1190 3993 ipsas
1202 3925 1347 3978 essentias
1361 3926 1391 3977 iu

217 3999 330 4053 ratione
348 3999 493 4066 essentiae,
514 4000 566 4053 sed
584 4001 666 4069 prius
686 4001 813 4056 rationes
832 4002 953 4070 ideales,
973 4019 1063 4072 quam
1090 4005 1245 4071 essentias,
1256 4005 1329 4073 quia
1347 4020 1392 4058 es-

217 4080 320 4133 sentite
341 4079 371 4131 in
391 4085 506 4134 tautum
525 4082 601 4134 ilunt
619 4082 651 4133 in
670 4087 816 4149 quantum
835 4083 1009 4151 exemplatas
1028 4089 1117 4150 sunt3
1137 4099 1208 4154 ergo
1232 4083 1293 4137 illae
1318 4084 1393 4138 idere

217 4160 359 4213 baberent
376 4159 477 4213 verius
495 4164 525 4213 et
543 4161 701 4229 perfectius
714 4176 788 4228 esse,
803 4177 893 4230 quam
905 4162 977 4231 ipsae
990 4164 1135 4230 essentia,
1146 4168 1176 4218 et
1194 4164 1238 4218 sic
1256 4166 1393 4218 ementire

217 4254 277 4291 non
296 4244 383 4293 erunt
402 4240 504 4293 reales.
525 4238 608 4294 Alias
628 4241 754 4295 rationes
778 4241 847 4294 tide
869 4241 949 4310 apud
972 4243 1070 4311 ipsum
1090 4243 1246 4298 Doctorem
1265 4243 1387 4298 ibidem.

271 4318 368 4371 niens
383 4321 414 4372 1:
434 4319 514 4373 Illud
537 4335 641 4373 verum
665 4320 753 4373 habet
777 4335 842 4375 esse
862 4320 949 4386 reale,
964 4322 1051 4389 enJus
1064 4323 1173 4377 veritas
1188 4323 1275 4377 realis
1287 4328 1333 4378 est
1352 4327 1391 4378 ab

217 4401 345 4462 artern03
365 4398 416 4450 sed
435 4400 570 4453 essentia
598 4405 799 4454 ereaturarum
820 4401 927 4454 veritas
947 4401 1034 4456 realis
1058 4407 1103 4457 est
1127 4405 1165 4456 ab
1186 4408 1305 4472 aterno,
1330 4405 1394 4459 hee

217 4476 297 4532 enim
316 4477 484 4546 propositio,
506 4479 599 4532 Honor
617 4481 658 4532 ast
676 4479 792 4534 uariauit
812 4481 962 4545 rationale,
976 4487 1023 4536 est
1034 4497 1105 4537 vera
1116 4483 1155 4536 ab
1172 4487 1299 4537 artemo:
1319 4499 1392 4555 ergo

216 4555 327 4626 pariter
344 4558 473 4613 essentia
492 4558 620 4613 hominis
638 4559 792 4628 perillam
811 4560 1041 4630 propositionem
1063 4562 1242 4634 significata,
1262 4567 1308 4618 est
1327 4579 1389 4620 rea

218 4634 255 4690 lis
278 4636 317 4690 ab
334 4640 453 4692 eterno.
474 4667 510 4678 -
527 4639 617 4707 Nego
639 4639 797 4706 morem:
819 4639 905 4694 lintis
932 4641 1013 4694 enlm
1037 4641 1142 4698 lletltia
1165 4642 1256 4698 etiam
1281 4644 1393 4700 habent
