3067 5400
172 584 217 651 80
509 600 555 647 uu
580 598 844 647 conmrronars
870 594 1031 645 rurunrs.

174 740 241 779 eum
263 723 432 776 bominibus
452 721 587 789 illudere,
608 728 638 776 et
656 723 794 775 talsitatis
813 736 848 774 ae·
868 718 1013 773 mendacii
1035 720 1132 785 posset
1145 714 1233 783 argui
1247 714 1278 766 in
1292 712 1353 767 suis

173 802 417 873 promissionibus
437 808 466 855 et
485 802 594 870 pactis:
616 802 717 854 ilium·
737 817 800 853 erro
816 800 958 868 Jnrdmtnr
976 813 1012 851 ex
1029 796 1092 863 ,iam
1112 794 1210 847 citatis
1230 792 1351 861 promis·

174 884 308 937 sionibus
322 882 359 935 de.
372 883 591 950 perseverantia
609 881 728 950 Imperii
742 880 899 934 israelitici
913 894 1003 947 penes
1017 875 1160 929 murinam
1174 871 1353 937 Salomonis,

175 965 201 1018 si
220 963 403 1016 custodirent
420 962 485 1029 ejus
505 962 653 1027 mundata,
680 962 759 1029 qnod
785 976 851 1014 eum
874 958 1027 1027 inunctum
1056 970 1115 1009 non
1144 954 1244 1013 suerit,
1265 953 1352 1006 etiam

176 1042 342 1097 Salomonis
361 1042 469 1111 posteri
489 1042 594 1107 dejecti
615 1048 686 1094 sunt
706 1043 743 1093 ab
763 1040 890 1108 Imperio
909 1037 1089 1091 Israelitieo:
1116 1035 1246 1088 divisum
1278 1032 1355 1085 enim

177 1123 234 1177 ruit
253 1123 413 1191 Imperium
435 1132 564 1190 tempore
584 1122 712 1174 iioboam
726 1121 781 1173 filii
795 1118 970 1179 Salomonis,
986 1118 1126 1183 stetitque.
1139 1118 1255 1167 tantum
1270 1126 1357 1181 super

179 1204 290 1257 «Iudam
305 1210 334 1255 et
347 1202 506 1267 ltenjnmin
526 1202 671 1269 usquead
685 1198 849 1255 Sedeeiam.
866 1200 917 1267 qui
931 1198 1056 1251 ultimus
1071 1196 1113 1248 tui
1128 1194 1244 1263 R·¹gun1
1265 1191 1353 1245 tuda.

177 1314 213 1323 -—
229 1284 452 1350 (berlir-nnumin·
472 1283 516 1333 bre
536 1296 638 1334 onmes
659 1282 787 1334 rationes
806 1296 842 1333 ex
862 1280 960 1333 vorbis
980 1276 1088 1331 Christi
1115 1275 1220 1328 natm.
1242 1273 1286 1327 26.
1308 1270 1357 1325 ubi

178 1364 341 1431 objurgans
363 1362 493 1422 Petrum,
514 1361 592 1429 qnod
612 1360 713 1431 gladio
732 1360 929 1429 percussisset
946 1373 1065 1411 serrum
1085 1355 1233 1423 Principis
1259 1350 1359 1406 Sacer·

180 1444 293 1509 dotum,
314 1443 365 1496 ait:
386 1444 431 1493 .ln
451 1444 540 1509 pintus
559 1441 628 1511 qnia
651 1458 707 1493 mm
725 1458 848 1509 pmssnrn.
869 1456 966 1507 noym-e
990 1439 1105 1489 I'ntrrm
1124 1451 1223 1488 rnenm
1236 1437 1262 1486 et
1281 1430 1360 1485 artri·

179 1522 251 1575 bebi!
271 1522 345 1573 milri
365 1522 458 1587 nimio,
478 1523 636 1590 ptnsqnnm
659 1520 811 1574 ‹learnierim
830 1519 953 1587 lenientes
976 1516 1173 1583 rinpelnrnm?
1186 1514 1232 1567 Ex
1252 1512 1361 1583 quibus

180 1603 278 1655 verbis
298 1602 340 1653 sic
360 1607 566 1669 argumentor:
588 1600 723 1656 Christus
742 1601 847 1654 asserit
865 1600 978 1652 Patre-m
994 1598 1130 1649 divinum
1143 1595 1200 1649 sibi
1214 1594 1360 1647 ministra-

182 1686 282 1736 turum
301 1681 471 1751 angelicum
490 1682 636 1735 auxilium
655 1683 679 1735 si
700 1683 737 1734 ab
757 1681 820 1749 ipso
841 1686 975 1749 rogetur:
996 1678 1047 1730 sed
1067 1677 1134 1730 talis
1157 1674 1361 1728 subministra·

182 1763 223 1816 tio
242 1768 270 1815 et
289 1761 433 1815 exhibitio
464 1762 593 1830 angelici
612 1762 717 1815 nrrxilii
737 1777 796 1813 non
823 1762 863 1813 itn
888 1762 1058 1813 constanter
1076 1773 1093 1809 a
1113 1754 1229 1809 Christo
1253 1766 1361 1807 assere·

184 1848 273 1899 retur,
294 1842 351 1894 nisi
372 1848 451 1895 certo
470 1842 559 1895 sciret
578 1840 861 1895 Patremditernum
883 1839 957 1893 iilud
977 1838 1124 1891 auxilinm
1144 1835 1321 1899 decrevisse,
1336 1831 1361 1885 si

183 1923 304 1975 divinus
324 1922 390 1987 eius
410 1921 504 1974 Filius
524 1923 565 1975 ita
584 1928 734 1975 exorasset
746 1928 775 1975 et
788 1926 926 1989 optasset,
942 1918 1074 1986 alioquin
1089 1919 1232 1969 assereret
1244 1913 1361 1967 Patrem

184 2001 339 2055 diternum
361 2000 448 2059 velle,
468 2001 547 2068 quod
569 2016 670 2053 revera
689 2016 746 2053 non
767 2000 902 2053 volebat:
923 2014 993 2068 ergo
1005 2013 1106 2050 revera
1124 1995 1252 2064 positum
1268 1995 1363 2046 iuerat

184 2082 334 2134 decretum
350 2081 584 2133 corniitionntnm
594 2079 631 2131 de
642 2080 837 2133 ministrando
848 2080 898 2133 tnii
914 2077 1049 2148 angelico
1063 2075 1175 2130 anxilio
1189 2075 1214 2127 si
1229 2072 1364 2126 Christus

185 2168 350 2214 exorasset:
370 2166 487 2229 ergoet
507 2168 721 2228 consequenter
741 2160 800 2213 tale,
819 2159 969 2214 decretum
990 2158 1165 2211 admittitur.

241 2241 338 2293 lirens
360 2241 385 2292 l:
406 2238 436 2293 Si
457 2240 598 2292 darentur
617 2240 646 2292 in
673 2240 736 2293 Deo
763 2240 879 2293 decreta
909 2239 1120 2299 conditionata,
1140 2235 1283 2288 deberent
1301 2246 1366 2286 esse

188 2322 297 2387 libera,
327 2320 377 2372 sed
398 2335 457 2372 non
477 2324 601 2387 possunt
629 2319 681 2371 illa
700 2320 818 2373 deeretn
845 2334 908 2373 esse
929 2319 1037 2371 libera:
1067 2331 1136 2385 ergo
1156 2329 1216 2367 non
1244 2314 1363 2367 dantur.

189 2402 290 2465 Major·
309 2404 399 2467 patet,
420 2399 571 2452 deeretum
596 2400 676 2453 enim
695 2405 740 2454 est
759 2400 810 2452 illa
831 2399 923 2451 libera
952 2398 1061 2452 dirime
1080 2395 1243 2450 voluntatis
1272 2393 1366 2447 deter-

189 2481 322 2539 minatio,
343 2495 402 2547 qua
422 2479 504 2531 Dens
516 2479 582 2533 vnit
600 2480 715 2547 aliquid
729 2484 811 2534 extra
826 2496 857 2533 se
871 2479 1042 2548 producere,
1057 2477 1104 2531 vel
1119 2490 1178 2529 non
1193 2473 1365 2543 producere.

189 2560 291 2613 Minor
302 2560 453 2627 probatur:
473 2558 624 2612 decretum
638 2559 773 2612 divinum
794 2576 853 2612 non
873 2563 1011 2613 censetur
1029 2558 1166 2622 liberum,
1182 2555 1239 2607 nisi
1254 2554 1367 2607 ratione

189 2641 288 2693 libera·
308 2638 524 2693 terminationis
543 2639 580 2691 ad
599 2638 714 2708 aliquid
736 2640 947 2702 extrinsecum,
969 2637 1047 2706 ‹ruod
1071 2651 1107 2689 ex
1127 2650 1158 2689 so
1178 2638 1274 2704 potest
1302 2646 1367 2686 esso

188 2728 218 2774 et
236 2736 296 2773 non
315 2735 394 2772 esse:
409 2719 460 2771 sed
474 2719 592 2774 decreta
605 2720 806 2774 conditionata
817 2720 890 2773 nihii
906 2720 1016 2772 habent
1025 2718 1225 2771 extrinsecum
1239 2714 1276 2767 ad
1287 2711 1367 2782 quod

189 2801 304 2869 possint
323 2799 484 2867 terminari,
505 2799 552 2850 rel
583 2815 641 2852 non
662 2800 830 2853 terminari:
859 2815 930 2868 ergo
949 2815 1008 2852 non
1028 2800 1152 2866 possunt
1179 2810 1244 2850 esse
1263 2793 1366 2847 iibera.

191 2881 290 2946 Μαίων
308 2886 439 2933 constat:
469 2895 537 2932 cum
556 2880 635 2932 enim
665 2879 747 2932 Deus
765 2881 805 2933 sit
824 2895 876 2932 ens
896 2895 1010 2932 summe
1038 2877 1249 2942 necessarium,
1270 2874 1368 2942 sitque

190 2959 396 3019 immutabilis,
418 2974 476 3011 non
506 2962 685 3026 potestesse
704 2959 779 3012 liber
808 2958 942 3012 libertate
968 2958 1004 3010 nd
1024 2962 1108 3010 aetus
1136 2956 1296 3024 oppositos,
1316 2951 1367 3006 sed

191 3043 307 3091 tantum
327 3037 364 3090 nd
384 3037 517 3105 opposita
546 3037 670 3104 objecta,
691 3038 737 3089 rel
760 3038 799 3090 ad
818 3037 949 3104 eiusdem
970 3036 1077 3104 obiecti
1105 3035 1291 3102 positione-m,
1317 3037 1371 3086 aut

192 3133 250 3169 non
262 3118 436 3184 positionem
449 3135 455 3182 3
468 3117 601 3184 adeoque
613 3117 655 3170 sie
667 3124 805 3171 censetur
820 3117 893 3171 liber
904 3119 1015 3170 ratione
1030 3117 1128 3168 iiinrac
1141 3113 1368 3169 terminationis

193 3195 295 3248 Mimn-
312 3196 401 3248 etiam
420 3205 466 3248 est
483 3196 625 3262 evidens,
647 3212 715 3250 cum
730 3198 810 3250 enim
825 3198 957 3250 iuturnm
971 3196 1205 3249 conditionatum
1220 3193 1369 3247 interdum

192 3276 301 3328 habeat
318 3275 517 3328 conditionem
538 3291 596 3328 non
617 3276 800 3344 ponendam,
821 3277 909 3330 etiam
923 3282 968 3330 est
981 3277 1016 3328 de.
1032 3291 1061 3328 re
1075 3290 1134 3328 non
1147 3277 1264 3340 1'utura3
1285 3273 1371 3328 etsie

194 3354 370 3424 plerumque.
389 3371 448 3408 non
478 3356 567 3409 babet
585 3356 699 3423 aliquid
729 3358 940 3420 extrinsecum,
961 3355 998 3408 ad
1021 3355 1099 3423 <ruod
1129 3355 1314 3408 terminetur.
1335 3382 1370 3392 -

193 3436 282 3502 Nego
301 3437 464 3489 minorem:
484 3436 562 3490 sicut
584 3436 664 3488 enim
693 3436 811 3490 decreta
835 3435 971 3490 absoluta
999 3435 1141 3488 dicuntur
1167 3434 1270 3501 libera,
1300 3433 1372 3502 quia

193 3513 315 3568 effeetus
334 3515 468 3568 absolute
487 3515 623 3568 decretus
643 3516 739 3584 potuit
766 3516 884 3569 <merui
916 3514 964 3568 ret
995 3531 1052 3568 non
1073 3514 1190 3567 ‹lermrni
1221 3513 1371 3581 obsolute3

195 3595 235 3646 ita
256 3595 365 3662 pariter
384 3594 501 3647 decreta
520 3595 721 3648 conditionata
734 3595 793 3648 dici
813 3596 921 3649 debent
941 3595 1044 3658 libera,
1065 3594 1136 3662 quia
1163 3593 1285 3647 effectus
1305 3607 1374 3646 con·

194 3673 337 3726 ditionnte
366 3673 501 3727 decretus
529 3675 625 3741 potuit
649 3690 667 3726 a
686 3674 748 3728 Deo
774 3675 891 3728 decerni
918 3674 965 3727 rel
995 3690 1054 3726 non
1083 3673 1203 3727 decerni
1230 3673 1374 3726 conditio-

196 3758 274 3805 nate.
296 3751 342 3804 Ad
358 3752 556 3819 probitionem
588 3754 740 3822 distinguo
769 3755 924 3807 nrinorem:
944 3755 1062 3808 decreta
1089 3753 1292 3808 conditionata
1313 3767 1374 3806 non

196 3837 321 3900 possunt
334 3832 441 3885 babere
455 3831 576 3885 liberam
591 3834 826 3887 terminationem
838 3835 876 3887 ad
889 3834 1020 3901 enectus,
1035 3835 1086 3902 qui
1097 3849 1260 3902 numquam
1274 3838 1373 3900 amnt,

198 3911 283 3977 idest,
304 3911 446 3979 quisunt
473 3912 593 3964 omnino
622 3913 820 3980 impossibiles
839 3919 869 3967 et
890 3921 1100 3984 repugnantes,
1121 3913 1267 3967 concedo:
1297 3913 1375 3966 idest

197 3991 250 4059 qui
269 4006 326 4042 non
347 3995 419 4044 sunt
437 3992 540 4058 taturi,
555 3993 626 4060 qrria
648 4009 707 4046 non
727 3999 854 4062 ponetur
876 3994 1018 4060 eonditio,
1033 4010 1100 4062 qum
1113 4000 1158 4048 est
1171 3993 1376 4062 specificativa

198 4071 281 4124 illius
300 4071 421 4130 derneti,
442 4088 535 4141 nego:
565 4073 666 4140 itaque
684 4074 763 4127 sicut
781 4073 932 4127 dee-retum
961 4074 1129 4127 absolutum
1155 4073 1274 4140 dicitur,
1295 4071 1376 4142 quod

198 4151 375 4206 terminatur
393 4151 430 4204 ad
449 4151 586 4205 eflectum
605 4153 740 4206 adnotate.
758 4159 935 4216 venturum
957 4155 997 4208 ita
1010 4155 1119 4222 pariter
1136 4153 1287 4206 decretum
1307 4168 1376 4207 con·

198 4232 377 4285 ditionatum
391 4231 568 4301 appellatur,
589 4233 669 4302 quod
682 4233 859 4286 terminatur
877 4233 914 4286 ad
934 4233 1071 4287 effectum
1085 4239 1218 4287 tuturum
1238 4233 1295 4286 sub
1308 4249 1377 4288 con·

198 4312 321 4378 ditione,
336 4311 374 4364 ad
386 4327 475 4381 quem
496 4320 660 4381 respectum
681 4312 803 4366 baberet
821 4317 851 4366 ct
870 4313 992 4366 liberam
1017 4314 1265 4368 terminationem.

252 4390 351 4446 Dicas
369 4391 396 4444 2:
417 4389 497 4444 Illud
516 4393 606 4446 asseri
627 4406 686 4446 non
705 4393 793 4446 debet
812 4408 876 4447 esso
896 4393 926 4446 in
946 4393 1019 4460 Deo,
1033 4393 1113 4462 quod
1132 4408 1188 4446 nec
1207 4408 1244 4448 ox
1264 4393 1377 4448 reveta-

199 4473 290 4538 tione,
310 4486 366 4524 nee
384 4487 423 4524 ex
441 4469 602 4541 Scripturis
615 4472 783 4542 coiligitur:
803 4473 855 4526 sed
875 4473 946 4528 talia
959 4473 1077 4528 decreta
1095 4473 1306 4542 cnnditionata,
1321 4489 1378 4528 neo

199 4567 238 4606 ox
255 4547 419 4620 Scriptura,
440 4565 495 4606 uec
513 4567 551 4606 ex
571 4552 752 4608 renotatione
778 4553 963 4622 colliguntur
981 4567 1045 4608 esso
1064 4554 1095 4607 in
1114 4553 1197 4608 Deo:
1226 4569 1298 4624 ergo
1316 4569 1377 4608 non

199 4637 272 4687 sunt
289 4630 457 4684 asserenda.
478 4631 580 4686 itiner
597 4637 693 4702 patet:
721 4633 868 4702 siquidem
891 4632 995 4688 nuilus
1014 4639 1059 4688 est
1077 4631 1237 4704 Scriptura
1265 4637 1378 4704 textus,
