3067 5400
175 581 220 648 72
557 600 603 648 aa
627 600 790 649 soranam
816 601 975 649 vrsroms.

176 722 238 790 (icat.
261 720 374 784 Quibus
387 722 485 775 verbis
498 720 528 775 S.
546 720 634 791 Greg.
649 723 779 776 ostcndit
793 739 850 776 non
865 723 1062 791 probabilem,
1078 738 1132 777 ncc
1146 724 1260 777 incerto
1273 723 1353 778 velut

175 804 258 856 oxnu
278 818 451 870 suspensam
471 818 506 855 ac
536 802 657 855 dubiam
688 804 717 855 in
748 804 802 855 llei
833 804 938 857 notitia
967 803 1078 856 vorsari
1098 802 1274 869 illationem,
1296 819 1352 857 non

177 882 262 935 modo
281 898 348 949 quae
367 883 463 950 potuit
482 898 555 947 esse,
576 883 628 936 sed
647 897 714 950 quac
735 884 832 951 reipsa
851 884 955 936 luisset
975 884 998 937 si
1019 883 1132 936 diutius
1152 883 1251 937 intans
1265 885 1353 936 rixis-

177 968 230 1015 set.
252 961 312 1031 Ipsi
332 963 462 1015 conciuit
482 961 612 1031 Cp'rillus
632 962 779 1016 Alexand.
803 963 867 1016 libr.
889 963 915 1016 3.
937 970 1039 1017 contra
1059 962 1226 1027 lulianum,
1248 964 1354 1017 ubido

176 1040 284 1095 Adnmi
303 1042 389 1111 lapsu
408 1048 437 1096 ct
458 1059 525 1095 mox
545 1043 679 1107 subjccta
699 1058 785 1111 poena
805 1044 963 1099 disscrcns.
990 1043 1091 1095 laudat
1115 1042 1270 1111 l'orplryrii
1291 1058 1354 1097 sen-

176 1124 309 1177 tcntiam.
333 1122 524 1190 l'orplrpra'as,
551 1124 658 1190 inquit,
678 1122 720 1175 sr'c
739 1122 769 1175 r'rr
791 1122 842 1176 ab.
863 1124 904 1175 ud
924 1122 1104 1175 Nereo-tium
1134 1121 1244 1175 scribit:
1274 1122 1352 1176 Deras

175 1204 274 1255 aulona
293 1201 345 1270 qai
363 1202 469 1269 littura
490 1202 577 1263 norit,
598 1202 671 1254 alias
690 1205 808 1270 prepter
835 1202 970 1270 pietatem
1000 1203 1097 1255 trallae
1115 1202 1244 1255 Jrr-aerres
1263 1222 1277 1255 c
1298 1202 1354 1254 clla

172 1282 319 1351 praeripit,
340 1282 413 1335 alios
431 1283 464 1333 ab
482 1282 656 1334 ‹leli-inrerrta
675 1299 740 1350 qaae
756 1299 811 1351 prr·
830 1283 894 1335 illos
913 1284 996 1335 erarrrl
1022 1281 1189 1335 ›recessui-iis
1207 1282 1271 1335 salo
1303 1281 1354 1335 ἰηι-

173 1363 333 1430 portumla,
353 1362 426 1414 rrlr'as
446 1361 511 1413 ilem
532 1362 565 1414 ob
596 1361 724 1427 inponas
743 1378 809 1431 ‹pac
827 1362 939 1429 parra-a
963 1364 1047 1415 eroat
1071 1360 1262 1419 rarlconr'latrs.
1289 1364 1354 1414 (rarle.

176 1441 345 1494 srrbstrarlrr't.
368 1440 422 1493 llis
441 1441 641 1509 adstipulatur
665 1447 786 1495 sanctus
810 1440 1036 1509 Chrysostomus
1056 1441 1121 1494 libr.
1145 1442 1169 1494 l.
1191 1441 1230 1493 ad
1249 1438 1341 1511 Stagy

177 1522 265 1585 rium,
286 1522 336 1574 ubi
357 1521 475 1574 solvcns
507 1536 573 1589 quae
593 1526 693 1574 eontra
717 1522 850 1574 divinam
877 1521 1093 1589 proridcntiam
1117 1521 1214 1575 solcnt
1232 1522 1339 1590 opponi

178 1602 306 1654 maxime,
325 1616 394 1653 vcro
413 1616 467 1653 cur
485 1601 578 1669 aliqui
597 1608 758 1669 antequam
773 1602 810 1654 ad
824 1617 888 1655 eam
904 1602 1093 1669 pert-oncrint
1107 1605 1234 1667 aetatum,
1251 1602 1280 1653 in
1295 1615 1353 1669 qua

177 1682 256 1734 bona
274 1680 441 1734 discerncrc
459 1681 573 1749 possint
591 1696 607 1733 a
623 1681 719 1745 malis,
734 1686 886 1749 tamquam
901 1696 1009 1749 rrragna
1022 1681 1134 1734 scolcra
1144 1680 1354 1745 commiserint,

177 1762 362 1831 puniuntur,
384 1761 549 1829 respondet,
572 1762 677 1813 rrrultos
697 1760 816 1813 illoram
838 1776 917 1812 erosae.
942 1760 1038 1813 Doroa
1064 1760 1282 1829 narlosalt'oqrcr'
1306 1758 1353 1827 fa-

177 1844 267 1907 taros,
288 1843 374 1909 atquc
393 1840 455 1893 ideo
476 1842 550 1893 relect
567 1840 677 1909 pedicis
699 1840 886 1909 quibasdam,
907 1840 1012 1893 siccas
1030 1840 1124 1908 pranis
1138 1839 1202 1891 r'slr's
1220 1856 1352 1893 coemere.

231 1924 348 1973 Eadem
360 1923 476 1973 veritas
489 1922 608 1973 rationo
620 1923 779 1987 probatur:
795 1919 945 1987 Quidquid
959 1925 1127 1986 astrorum,
1143 1920 1268 1973 scitura
1283 1920 1355 1973 lloc:

179 2001 230 2055 scd
250 2004 350 2053 lutura
368 2001 570 2053 conditionata
588 2006 658 2053 sunt
678 2016 757 2052 vcra:
772 2015 842 2067 crgo
856 2000 938 2052 licam
952 2001 1007 2052 scit
1020 2000 1073 2052 illa
1083 2014 1147 2052 csse.
1161 2014 1240 2052 vcra.
1258 2000 1358 2066 ,llojor

180 2087 304 2145 constat,
325 2080 407 2133 Dcus
426 2081 506 2132 enirn
525 2094 593 2132 cum
614 2079 731 2132 inlinita
750 2078 938 2147 intelligendi
960 2079 1069 2133 virtuto
1082 2079 1120 2132 sit
1133 2078 1285 2146 praeditus,
1298 2079 1357 2133 cri-

179 2152 352 2214 deotissime.
372 2160 517 2227 conspicit
535 2164 565 2211 ct
584 2159 737 2227 cognoscit
765 2159 911 2226 quidquid
941 2166 985 2211 est
1013 2159 1133 2224 scibile,
1158 2160 1237 2227 quod
1257 2164 1356 2213 autern

179 2256 283 2293 rerum
305 2246 359 2305 est,
380 2239 485 2292 scibile.
497 2244 551 2297 est,
567 2238 700 2305 adcoque,
713 2239 737 2290 si
752 2239 956 2307 contingentia
970 2239 1170 2292 conditionata
1184 2244 1284 2292 lutura
1298 2240 1358 2293 sint

180 2336 260 2379 vera,
282 2328 353 2373 sunt
371 2319 498 2383 scibilia,
513 2326 543 2372 et
562 2325 778 2385 consequentem
797 2334 814 2369 a
834 2318 896 2370 lleo
915 2319 1060 2371 sciuntur.
1092 2318 1196 2386 Itaque¹
1216 2320 1359 2386 probatu-r·

182 2399 288 2452 ralaar.
311 2398 411 2451 I'rr'rrro
430 2398 561 2466 (paidom,
576 2397 775 2450 conditionata
790 2398 889 2450 lutura
902 2413 960 2449 non
977 2399 1075 2450 minus
1089 2413 1157 2450 vcra
1171 2404 1251 2455 sunt.
1267 2414 1357 2467 quam

182 2494 247 2547 quar
267 2483 337 2531 sunt
358 2478 492 2531 absolutc
511 2480 627 2531 latrina:
647 2478 700 2530 sed
712 2477 846 2530 absolute
860 2478 969 2537 lutura,
985 2483 1055 2531 sant
1068 2478 1263 2531 determinata
1277 2494 1357 2539 vera,

181 2565 216 2612 ut
234 2558 390 2626 probatum
411 2562 475 2611 est:
495 2572 566 2625 ergo
584 2558 674 2610 etiarn
693 2557 893 2610 conditionate,
914 2558 1012 2611 lutura
1033 2564 1103 2611 sunt
1117 2573 1195 2611 vera
1215 2558 1360 2612 Probatur

180 2639 287 2705 nrqjor,
309 2653 368 2690 non
389 2638 487 2690 minus
506 2642 550 2690 cst
569 2637 762 2690 contradictio
782 2638 906 2706 praecisa
924 2644 954 2690 et
974 2637 1231 2691 irrnnediatalnter
1244 2638 1359 2692 contin·

180 2719 282 2788 gentio
303 2719 506 2772 conditionata
524 2722 625 2771 lutura
643 2724 673 2770 et
691 2718 917 2771 eontrmlietoric
937 2718 1102 2783 (carnulenta,
1123 2733 1212 2786 quam
1227 2720 1265 2771 sit
1279 2720 1357 2772 iuter

181 2799 316 2853 absoluto
335 2801 447 2852 latura:
467 2814 496 2851 v.
518 2814 547 2867 g.
570 2813 628 2850 non
649 2799 746 2850 minor
764 2803 808 2850 est
828 2798 931 2850 lrarum
952 2799 1186 2866 propositionum
1212 2799 1358 2852 contradi·

180 2880 250 2933 ctio:
260 2879 287 2932 sl
299 2880 408 2931 b'anlns
419 2878 472 2932 lali
485 2879 569 2930 orado
583 2881 694 2930 arrodat·
705 2894 723 2928 rr
740 2877 864 2944 t'lrra'slo,
878 2879 1031 2930 ‹am-error
1042 2880 1069 2930 ct
1081 2877 1129 2944 fiel
1144 2893 1192 2929 rus
1202 2878 1356 2940 electionis,

181 2959 252 3012 etsi
271 2959 325 3011 loli
346 2959 428 3011 remla
448 2960 560 3010 ror-roa·
580 2974 638 3010 mm
656 2959 845 3020 conradatur,
867 2974 955 3025 quam
976 2958 1015 3011 sit
1033 2959 1110 3011 intor
1130 2958 1182 3010 lras
1202 2958 1275 3012 eiuras
1295 2974 1359 3027 pro-

181 3039 351 3107 positiones:
371 3037 481 3090 streton
504 3037 557 3089 tulr'
578 3038 663 3089 aarum
693 3039 807 3089 tanaitas
826 3053 843 3088 a
866 3037 981 3090 Christo
1002 3040 1190 3100 rom-oram,
1215 3039 1241 3090 rr
1260 3039 1358 3092 eccle-m

182 3119 267 3170 nardo
288 3120 402 3169 raa-olas
423 3133 478 3169 noa
499 3119 692 3169 conco-letne:
707 3131 778 3186 crgo
792 3133 860 3169 cum
875 3118 988 3170 rationo
1001 3118 1090 3184 hujus
1104 3117 1357 3180 contradictionis,

182 3213 245 3251 una
257 3198 415 3266 propositio
427 3198 588 3250 enuntians
601 3196 736 3249 absolute.
755 3199 899 3260 rutarum,
914 3198 953 3250 sit
966 3197 1160 3250 determinate¹
1173 3212 1242 3249 rora
1256 3202 1286 3251 et
1299 3198 1359 3252 alio

183 3279 376 3332 dctcrminatc
388 3278 473 3344 talsa,
489 3278 529 3330 ita
543 3277 652 3345 pariter
664 3277 790 3330 duarum
811 3278 1042 3345 propositionum
1063 3277 1357 3332 contradictoriarum

183 3359 220 3412 dc
239 3361 338 3412 tuturo
357 3357 542 3427 contingenti
561 3357 771 3422 conditionate,
792 3373 852 3411 urm
872 3359 928 3411 erit
946 3358 1141 3410 determinata
1160 3372 1230 3409 vera
1249 3362 1279 3411 ct
1298 3358 1357 3411 alia

183 3439 377 3492 determinato
396 3439 480 3504 lblsa,
495 3443 524 3491 ct
537 3443 752 3504 consequenter
772 3437 847 3489 illud
866 3439 944 3505 quod
965 3438 1132 3490 errantum.
1153 3437 1209 3490 erit
1222 3436 1358 3491 ‹lanam-

182 3521 251 3572 natc
269 3534 384 3584 verum,
404 3523 457 3571 aut
475 3519 593 3571 talsnm.
611 3517 823 3584 Confiraaalroe
837 3517 996 3584 propositio
1010 3517 1211 3570 conditionata
1226 3533 1285 3570 non
1300 3517 1353 3571 dil-

182 3599 238 3652 lcrt
256 3599 293 3650 ab
315 3598 451 3652 absoluta
478 3598 515 3650 de
533 3597 637 3650 codem
669 3597 794 3661 ocheto,
816 3596 873 3648 nisi
894 3612 984 3664 pamas
1012 3596 1223 3664 conditionem,
1244 3613 1311 3664 quac
1331 3599 1355 3650 sl

183 3683 320 3746 ponatur,
341 3677 498 3745 propositio
517 3677 573 3729 erit
591 3676 743 3728 absoluta:
764 3691 835 3744 ergo
855 3676 933 3728 sicut
951 3676 1087 3729 absoluta
1105 3679 1150 3729 est
1164 3677 1359 3731 dotorminato

184 3771 254 3810 vcra
273 3756 318 3808 rel
340 3756 424 3822 talsa,
444 3757 487 3808 sic
506 3755 608 3808 cadom
628 3754 836 3807 conditionalis
849 3755 885 3806 dc
910 3755 1012 3808 code-m
1026 3755 1140 3820 objecto
1159 3755 1359 3810 conditionate

184 3837 294 3894 tuturo.
314 3841 360 3889 est
377 3836 516 3888 distincto
534 3843 564 3888 et
583 3834 777 3887 determinato
797 3849 865 3887 rora
885 3835 931 3886 rel
953 3835 1036 3888 l'alsa.
1059 3835 1144 3888 Patet
1163 3835 1226 3888 brec
1258 3853 1358 3890 conse·

184 3917 316 3985 quentia.
337 3916 409 3984 quia
427 3914 557 3968 conditio
576 3929 666 3982 pcncs
686 3929 775 3981 quam
796 3914 889 3967 solam
909 3914 1005 3968 ditl'crt
1024 3915 1183 3983 propositio
1213 3916 1356 3970 conditio·

185 3995 262 4048 nalis
281 3997 319 4048 ab
337 3996 482 4056 absoluta,
504 4010 562 4047 non
584 3994 706 4062 impedit
724 3995 884 4062 quominus
903 3995 942 4048 sit
960 4009 1044 4063 aquo
1063 3996 1221 4048 conformis
1240 4011 1295 4049 suo
1308 3998 1356 4050 ob

184 4076 271 4144 jacto,
286 4080 315 4129 et
327 4079 542 4144 consequenter
560 4074 599 4126 sit
617 4089 701 4141 aeque
715 4089 794 4127 vcra.
810 4105 845 4112 —
858 4073 998 4138 Scelerato,
1015 4074 1065 4126 illa
1079 4075 1210 4143 cognitio
1222 4081 1267 4128 est
1281 4085 1361 4130 certa

185 4163 215 4210 ct
233 4156 410 4224 inlallibilis‚
432 4171 498 4224 qum¹
512 4156 655 4207 tundatur
675 4155 705 4206 in
720 4154 816 4206 medio
836 4162 915 4208 certo
928 4162 957 4208 et
971 4153 1138 4207 infallibili:
1153 4155 1204 4206 sed
1218 4157 1359 4224 cognitio,

185 4253 276 4305 quam
295 4236 383 4290 babet
401 4235 483 4288 Deus
502 4235 540 4288 dc
558 4233 802 4302 contingentibus
821 4234 1021 4287 conditionate.
1041 4235 1158 4300 tuturis,
1174 4234 1317 4290 tundatur
1329 4237 1360 4289 in

187 4316 282 4369 analio
301 4320 380 4370 certo
399 4319 429 4368 et
447 4313 609 4379 inlallibili,
640 4313 781 4366 nimirum
802 4303 833 4366 in
855 4314 972 4366 decreto
1000 4313 1202 4368 eontlltionato
1221 4329 1258 4367 cx
1278 4325 1361 4384 parto

186 4395 306 4452 dccreti.
326 4396 379 4449 scd
391 4395 526 4449 absoluto
539 4410 577 4447 ex
589 4401 672 4462 parto
684 4393 828 4460 subjecti:
848 4408 918 4462 crgo
932 4393 1041 4462 pariter
1053 4394 1183 4462 cognitio
1196 4393 1284 4448 debct
1297 4409 1361 4450 esso

186 4479 267 4542 ccrtu
284 4480 314 4528 et
333 4474 510 4528 infallibilis.
532 4475 633 4540 llqjor
649 4477 774 4527 constat.
798 4472 898 4526 Μίνωι·
910 4487 980 4526 t'cro
994 4473 1166 4541 probabitur
1179 4475 1210 4527 in
1223 4477 1360 4544 sequenti

187 4553 366 4618 Quaestione.
380 4583 417 4593 -
440 4553 542 4620 l'erlio,
563 4553 659 4607 omnis
677 4553 809 4624 cognitio
828 4551 986 4622 possibilis,
1007 4569 1074 4622 qua
1094 4553 1208 4607 nullam
1227 4554 1362 4624 imparia·

187 4634 473 4701 ctioucminrolvit,
494 4638 618 4688 nonest
644 4631 708 4686 Doo
735 4631 927 4702 deneganda:
956 4631 1008 4687 scd
1037 4633 1099 4686 laec
1123 4633 1361 4704 contingentium
