3067 5400
232 607 299 675 300
487 624 533 672 nn
549 616 772 671 asscensus
794 616 1155 670 rnffionsrrnarronrs.

233 749 363 803 nationis
382 748 515 812 alterius,
537 748 579 799 sic
598 763 626 800 v.
648 763 677 817 g.
698 746 846 801 Nativitas
865 743 1047 799 Beatissima-
1058 740 1192 812 Virginis
1213 740 1272 795 luit
1291 740 1411 797 allectus

234 827 505 883 l'rrudcstinationis
534 825 652 881 Christi.
683 827 762 897 Ergo
781 842 799 879 a
817 826 880 894 pari
900 824 1028 877 hominis
1055 822 1197 877 nativitas
1226 828 1325 891 potest
1349 836 1409 877 esse

154 937 158 945 ·
232 910 354 963 allectus
383 907 655 962 Praedcstinationis
683 907 827 975 oJusdcm.
847 935 883 943 -
908 904 987 973 naqa
1014 900 1271 973 coascendentium·
1291 908 1323 956 ct
1341 902 1411 956 ratio

232 989 415 1057 disparitatis
433 994 488 1054 est,
509 988 587 1056 quod
607 988 698 1041 unius
717 986 846 1040 hominis
865 984 1007 1038 nativitas
1028 983 1119 1053 possit
1136 996 1203 1037 csse
1223 981 1357 1037 medium
1374 981 1408 1035 ed

233 1070 360 1123 salutcm
380 1068 504 1122 alterins
523 1068 662 1135 hominis,
682 1074 772 1135 atque
800 1066 841 1119 ita
860 1065 922 1119 fieri
951 1068 1047 1133 potest
1065 1062 1187 1117 allectus
1217 1062 1409 1117 Praedestim·

234 1150 322 1203 tionis
342 1148 480 1202 alterins:
501 1162 587 1201 secus
605 1162 675 1200 vero
695 1146 731 1199 do
744 1145 901 1200 nativitato
914 1144 1042 1213 alicujus
1055 1142 1192 1197 hominis.
1209 1152 1348 1211 respectu
1366 1140 1408 1195 sui

234 1229 343 1297 ipsins3
365 1229 428 1281 haec
446 1227 537 1291 enim,
558 1241 626 1280 cum
646 1242 705 1279 non
724 1227 818 1296 possit
846 1240 911 1279 csse
940 1223 1068 1278 medium
1088 1222 1243 1291 tuiipsius
1272 1222 1406 1288 salutem,

232 1308 284 1361 sad
305 1308 451 1376 pertineat
478 1311 593 1360 tantum
613 1306 650 1359 ad
679 1306 920 1360 constituendum
949 1303 1127 1371 subjcctum,
1151 1301 1233 1371 quod
1262 1306 1408 1371 percerte

236 1388 333 1440 madia
352 1387 516 1456 promovcri
530 1386 635 1439 dcbcat
654 1386 690 1439 ad
704 1387 843 1454 salutum,
860 1384 928 1439 inde
948 1384 990 1451 tlt,
1005 1383 1083 1452 qnod
1103 1398 1162 1436 non
1182 1381 1279 1451 possit
1292 1382 1410 1437 enectus

236 1465 508 1519 l’rtadcstinationis
527 1466 596 1519 dici.

288 1548 434 1600 (inaltatus
452 1547 551 1598 coartat
571 1547 730 1600 secratdam
747 1547 881 1615 partem:
901 1546 979 1599 bona
997 1542 1146 1598 naturalia
1165 1542 1283 1597 nullam
1305 1544 1411 1597 habeut

235 1626 451 1696 proportionem
479 1640 547 1678 cum
576 1627 673 1695 gratia
690 1635 719 1680 ct
747 1626 860 1696 gloria,
880 1631 910 1679 ot
938 1627 1152 1692 consequenter
1179 1622 1358 1679 nullatturus
1374 1622 1406 1677 etl

234 1720 336 1759 corum
356 1705 571 1759 assecutionem
591 1707 765 1759 corrtcrnnt:
781 1720 851 1774 crgo
872 1720 931 1758 non
951 1710 1021 1757 sunt
1039 1702 1160 1757 allectus
1173 1702 1408 1759 Praedcstinatlo

235 1786 291 1839 nis.
313 1816 347 1823 -
366 1786 455 1853 Nego
482 1787 748 1850 consequentiam
769 1802 805 1837 cx
826 1786 881 1838 troc
910 1785 989 1839 cnirn
1018 1790 1133 1838 tantum
1162 1784 1312 1852 sequitur,
1336 1782 1407 1853 quod

237 1882 294 1919 non
315 1867 375 1919 sint
394 1865 602 1934 dispositioncs
620 1872 649 1918 at
668 1881 765 1919 causta
787 1866 943 1920 moritoriae
972 1870 1104 1933 rospcctu
1124 1864 1229 1933 gratita
1249 1872 1280 1919 ct
1300 1865 1407 1935 gloriae,

235 1946 314 2015 qttod
333 1946 412 1999 ultro
431 1946 573 2013 latornur3
594 1960 652 1997 non
666 1961 736 1997 vcro
756 1946 902 2013 scquitur,
917 1946 971 1999 illa
990 1946 1067 1997 bona
1085 1960 1144 1997 non
1157 1959 1245 2013 possa
1265 1945 1410 1999 deservire

234 2026 271 2079 ad
291 2026 345 2079 has
363 2026 538 2079 obtinendas
557 2026 774 2094 dispositiones,
790 2031 818 2078 ct
832 2027 957 2093 gratiam
981 2025 1154 2093 promptius,
1175 2040 1211 2077 ac
1232 2025 1351 2080 facilius
1370 2040 1407 2079 ra·

235 2105 402 2175 cipirndam
422 2112 452 2159 ot
470 2105 675 2159 cxcrccndarn.

290 2188 436 2239 (trasarius
455 2184 481 2237 2.
506 2185 727 2239 l’raedcstinatio
746 2193 791 2237 cst
806 2185 980 2252 praeparatio
993 2184 1135 2237 donorum
1149 2184 1273 2253 gratim:
1293 2184 1345 2239 sed
1358 2185 1407 2239 ists

237 2267 314 2318 tiana
333 2270 404 2317 sunt
422 2269 547 2329 natuac,
568 2280 626 2317 non
647 2280 716 2319 vcro
729 2265 851 2334 gratim:
872 2280 944 2335 ergo
962 2280 1021 2317 non
1035 2270 1105 2317 sunt
1123 2263 1247 2318 allectus
1262 2264 1408 2319 Praedestiss

239 2345 375 2398 nationis.
396 2374 431 2381 —
449 2345 617 2409 Distinguo
630 2347 828 2398 antecedens:
850 2344 922 2397 talia
935 2346 1011 2398 bona
1025 2360 1082 2397 non
1102 2346 1202 2397 sunta
1222 2342 1297 2413 Dco,
1318 2350 1407 2399 ut'stt·

238 2432 317 2479 etoro
329 2424 433 2493 gratita
453 2423 626 2491 productiva
639 2432 668 2479 ct
687 2425 828 2491 clicitivc,
844 2426 984 2478 concedo:
1001 2423 1173 2493 irnpcrativc
1192 2432 1223 2478 et
1235 2424 1406 2487 ordinative,

240 2519 332 2571 naga:
353 2502 558 2571 producuntur
577 2504 677 2571 itaqua
695 2522 712 2557 a
731 2505 805 2571 lico,
820 2510 854 2558 ut
873 2512 993 2558 auctora
1012 2510 1136 2571 natura,
1156 2504 1210 2557 sod
1228 2505 1267 2557 ab
1286 2520 1322 2559 eo
1340 2504 1409 2559 ordi·

240 2590 359 2647 nantur,
380 2589 414 2636 nt
433 2589 551 2636 atrctorc
570 2585 684 2652 gratia,
699 2586 736 2637 ad
751 2585 975 2638 barat-itndinonr.
997 2585 1044 2637 tta
1063 2584 1148 2637 alitor
1161 2584 1331 2655 distinguo:
1346 2590 1410 2639 sunt

239 2666 315 2717 bona
335 2669 448 2717 naturra
468 2670 496 2717 at
515 2664 664 2718 naturalia
683 2663 847 2718 sccundnrn
863 2664 1068 2720 substantiam.
1083 2664 1228 2718 conccdo:
1249 2666 1409 2721 secundant

241 2744 359 2797 modurn
379 2752 409 2797 ct
427 2744 627 2812 operationum
648 2745 916 2812 supernaturalem,
941 2759 1032 2813 nagor
1052 2751 1086 2798 ut
1105 2744 1147 2798 sic
1170 2751 1271 2799 autem
1290 2751 1411 2816 possunt

239 2841 303 2877 assa
323 2823 445 2879 aliia-tus
464 2823 745 2890 Proetlcstinationis,
776 2824 854 2877 sicut
872 2830 995 2877 externa
1022 2824 1191 2892 pradicatio
1210 2831 1240 2878 ct
1260 2826 1408 2892 miracula,

238 2921 305 2974 ιμιιι·
327 2905 395 2958 licct
414 2904 562 2958 naturalia
581 2904 641 2956 sint
659 2903 755 2971 quoad
776 2905 982 2965 substantiata,
998 2911 1026 2958 ct
1040 2911 1156 2957 tanturn
1175 2905 1408 2973 supernaturalia

237 2986 336 3054 ‹prroad
356 2985 486 3048 modurn,
508 2984 702 3037 nihilominus
722 2983 864 3037 dicuntur
882 2999 946 3036 cssc.
965 2983 1086 3037 cll'ccttts
1106 2977 1410 3040 Pradastinationist't

238 3067 268 3118 S.
290 3065 459 3134 Augustino
479 3064 530 3116 ill).
555 3063 595 3116 [a
617 3064 695 3115 licam
715 3065 941 3116 lta-oratione
960 3081 1024 3132 cap.
1047 3065 1089 3117 ll.

292 3149 437 3200 (trauains
457 3145 483 3196 il.
507 3144 634 3196 llilcctns
656 3144 927 3197 l‘rtadcstinationis
948 3146 988 3199 ita
1007 3163 1037 3195 sc
1058 3145 1176 3198 lrabcnt.
1197 3145 1278 3212 quod
1306 3147 1411 3215 priores

239 3227 299 3278 sint
317 3225 411 3278 veluti
430 3239 527 3277 causta
549 3233 682 3292 raspcctu
702 3224 908 3292 postcriornrn,
929 3226 970 3276 sic
990 3225 1068 3276 cnirn
1084 3223 1198 3277 vacatio
1217 3225 1256 3278 ad
1272 3226 1411 3294 justitiet·

240 3305 482 3370 tioncrn,ctha¹c
501 3304 536 3356 ad
563 3304 807 3372 glorificationem
837 3304 991 3359 conducit:
1021 3305 1071 3358 scd
1092 3303 1143 3356 illa
1162 3305 1239 3357 aona
1268 3306 1411 3362 rramralie

241 3402 298 3439 non
320 3385 492 3438 conducunt
511 3383 547 3436 ad
567 3383 640 3436 alios
659 3384 781 3437 «inactus
801 3383 1083 3448 Prtudcstinationis,
1106 3399 1212 3452 rrttntpa
1230 3385 1269 3438 ad
1288 3389 1410 3456 gratiam

239 3478 268 3520 ct
288 3467 424 3535 gloriam,
440 3464 573 3532 alioquin
584 3470 683 3517 assant
695 3464 913 3531 dispositioncs,
928 3461 1052 3533 qualaun
1068 3465 1179 3519 intuitu
1193 3465 1277 3521 Dans
1290 3469 1410 3538 gratian

241 3547 408 3616 largiretur,
423 3543 501 3612 <ruod
516 3549 560 3596 cst
572 3558 652 3595 orror
664 3541 969 3613 Scrnipclagianorum
984 3561 991 3595 z
1011 3560 1091 3613 argo,
1106 3551 1161 3598 ctc.
1177 3575 1212 3583 -
1222 3547 1409 3615 Respondet.

240 3629 381 3692 araim-ant
401 3640 465 3678 csso.
484 3639 584 3677 raram
604 3624 640 3676 dc
659 3623 813 3677 attactibus
832 3625 951 3678 dircctis
970 3630 1000 3676 ct·
1021 3641 1071 3692 par
1090 3640 1137 3686 ,εις
1159 3640 1217 3678 ιιοιι
1238 3641 1310 3680 vcro
1329 3627 1410 3682 deel-

240 3708 366 3760 icctilnrs
386 3705 537 3757 indircctis
557 3713 586 3757 ct
598 3719 650 3772 por
669 3704 817 3757 accidcns.
834 3705 935 3772 attalia
947 3710 1018 3758 sunt
1031 3705 1106 3756 laona
1121 3706 1279 3760 naturalia.
1303 3707 1412 3762 Dcinde

239 3787 306 3838 dico
326 3801 384 3837 non
404 3800 468 3836 csso
488 3784 698 3842 rtttcossarintn,
722 3792 755 3837 nt
776 3785 852 3837 inter
871 3800 973 3836 ortrncs
1002 3786 1123 3838 cll'cctus
1146 3785 1411 3843 l’rradcstinationis

240 3868 278 3919 sit
298 3866 350 3918 illa
369 3864 524 3928 conncxio,
548 3864 627 3930 (ruod
655 3865 804 3917 sccundus
834 3866 920 3918 actm
948 3873 1066 3934 proptor
1094 3865 1234 3932 primunr,
1266 3873 1410 3938 tamquam

240 3956 358 4015 proptcr
377 3945 525 4004 rncriturn,
545 3949 598 3996 aut
626 3951 743 4011 proptor
761 3945 849 3998 flnorn
881 3947 1047 4014 proprium,
1078 3945 1129 3997 scd
1149 3959 1276 4013 possunt
1296 3947 1341 4002 illi
1359 3949 1412 4002 dno

239 4027 360 4080 ollactus
379 4039 444 4078 csse
464 4023 521 4077 duo
542 4023 638 4076 morlia
657 4023 694 4074 ad
714 4039 807 4077 tritum
828 4027 958 4079 tortium.
974 4023 1058 4078 Sicut
1071 4026 1150 4077 cnirn
1166 4025 1279 4090 lurncn,
1295 4043 1324 4083 v.
1345 4045 1374 4098 g.
1387 4035 1412 4082 ct

239 4108 353 4176 spccics
382 4105 491 4158 dantur
518 4111 637 4172 proptcr
664 4104 844 4158 carrsandarn
867 4107 1026 4172 visionum,
1056 4107 1134 4159 intcr
1152 4122 1182 4158 sc
1212 4121 1283 4161 vcro
1302 4115 1411 4163 tantum

239 4187 456 4255 proportionata
475 4191 504 4237 ct
523 4183 737 4236 corna-aioncm
759 4184 868 4238 lraltcnt
888 4185 924 4238 ad
944 4186 1153 4254 contplcrnlnrn
1173 4186 1358 4257 principium
1376 4185 1412 4240 ri·

238 4268 346 4320 sionis:
363 4266 403 4319 ita
416 4282 433 4317 a
447 4265 510 4334 pari
524 4263 744 4333 prndcstinatio
757 4266 898 4332 supponit
911 4272 1057 4324 naturam,
1069 4275 1098 4318 et
1111 4266 1165 4333 ipsi
1180 4268 1415 4322 accommodatur

240 4365 293 4416 par
313 4346 431 4400 modum
450 4343 588 4410 subirati,
609 4352 661 4397 ant
679 4344 876 4405 tundarncnti,
897 4347 946 4398 cui
966 4361 1001 4398 cx
1024 4346 1201 4399 liberalitato
1225 4346 1281 4400 liei
1301 4347 1436 4402 additur¹

147 4419 154 4430 ’
241 4427 387 4480 auxilinm
408 4423 644 4493 supcmatnralc.
665 4438 724 4491 quo
743 4423 878 4477 clevatur
896 4432 927 4477 ct
945 4424 1137 4478 constituitur
1162 4426 1249 4494 qnttsi
1270 4427 1415 4499 integrum

241 4507 419 4577 principium
440 4504 537 4574 operis
563 4503 714 4560 moritonii,
735 4511 787 4556 aut
815 4503 979 4572 dispositiri
999 4504 1035 4556 ad
1059 4504 1133 4556 alias
1153 4507 1278 4562 ollactus
1306 4505 1420 4562 Prnde:

240 4585 418 4644 stinationls.
