3067 5400
214 583 259 650 16
572 602 617 649 oe
639 601 865 651 rurauuucru
896 601 1025 649 orvruo.

216 732 275 790 tur,
295 724 342 775 vel
363 724 534 783 lormaliter,
554 724 602 775 vel
622 725 798 791 eminenter,
818 724 865 777 vel
886 723 1062 776 virtualiter.
1079 722 1189 776 Eadem
1204 723 1310 791 repetit
1324 724 1356 776 in
1371 726 1399 777 l.

217 803 285 858 (list.
307 801 333 856 3.
354 810 458 871 quast.
478 806 505 857 3.
527 820 557 857 u.
579 804 605 857 5,
627 802 709 857 Sicut
727 805 828 856 autem
844 802 1021 871 proeriiciura
1040 805 1090 867 crat,
1121 802 1230 870 inquit,
1261 802 1291 855 in
1323 819 1400 873 qua-

217 883 309 936 stione
327 882 362 934 de
380 884 484 947 ‹reiecio
508 882 675 951 Tneoioyio,
698 882 833 937 liescnir'u
853 882 956 935 ‹liri-nu
977 882 1038 935 ano
1057 884 1097 934 esi
1107 881 1243 950 [erinium.
1257 883 1397 949 objectura

218 963 379 1015 intellecturi
397 962 502 1027 (lirini,
523 963 594 1033 quie
615 962 680 1031 insa
699 964 760 1016 solu
781 965 873 1015 rnorei
893 962 1069 1015 intellectum
1089 961 1225 1014 ‹Iit-inum
1245 964 1271 1013 ei
1290 963 1330 1015 cui
1356 980 1398 1016 ce-

215 1042 412 1109 miosceruiunr
433 1058 462 1095 se
480 1046 507 1095 ei
525 1042 625 1095 omniu
645 1041 706 1096 olio
725 1040 925 1111 cognoscibilia
944 1042 980 1093 oli
1000 1040 1062 1109 ipso
1082 1041 1236 1095 intellectu.
1261 1042 1402 1111 lienique

218 1124 249 1175 iu
269 1127 373 1191 quast.
395 1122 437 1175 1r'r.
454 1122 660 1185 Quodlibetiea
678 1123 710 1175 in
729 1122 789 1175 fine
808 1121 927 1175 articuli
946 1121 1080 1185 secundi,
1101 1122 1153 1174 ait:
1187 1122 1328 1189 lapidera
1360 1122 1398 1174 ei·

216 1201 329 1256 <teriia
350 1202 486 1255 Esaeniie
504 1202 617 1261 (lirina.
641 1205 672 1255 ui
699 1203 840 1268 objectu-in
868 1200 1076 1254 ,verrundurium
1107 1201 1139 1253 in
1166 1201 1265 1269 priato
1292 1204 1399 1268 objecto

218 1284 346 1336 merente
366 1282 524 1351 proprium
550 1282 737 1341 intellectum,
765 1282 841 1335 idest
867 1281 1013 1341 divinum,
1045 1282 1085 1333 cal
1113 1280 1331 1335 inicilariionern
1359 1300 1401 1335 se-

218 1362 319 1415 curuli.

254 1444 348 1495 Patet
366 1444 473 1495 eadam
486 1443 603 1495 veritae
621 1443 757 1495 ratione:
778 1440 858 1494 Illud
878 1443 956 1495 euim
977 1450 1021 1495 est
1041 1441 1188 1508 objectum
1208 1443 1302 1511 primo
1317 1443 1400 1497 moti-

219 1536 290 1575 vum
311 1521 480 1575 intellectus
498 1520 604 1588 divini,
624 1527 688 1575 tum
716 1521 754 1573 acl
773 1522 867 1589 ipsius
888 1521 1024 1585 Deitatis,
1045 1528 1107 1575 turn
1127 1521 1166 1574 ad
1194 1522 1313 1575 illorum
1340 1537 1400 1574 om·

220 1602 313 1661 nium,
334 1617 401 1669 quse
421 1602 451 1653 in
471 1602 589 1655 lleitate
608 1606 688 1667 suut,
709 1602 921 1670 cognitionem,
943 1600 1021 1669 quod
1041 1608 1085 1654 est
1105 1616 1192 1654 omne
1210 1617 1263 1654 cns
1290 1601 1399 1655 intelli-

218 1680 322 1751 gibile,
342 1681 480 1749 quodque.
494 1682 523 1733 in
537 1698 569 1735 se
589 1681 731 1747 continet,
746 1688 799 1734 aut
819 1680 992 1741 lorraaliter,
1007 1686 1058 1734 aut
1077 1680 1244 1735 virtualiter
1265 1682 1399 1735 omnium

219 1762 333 1815 entium
352 1760 644 1830 intelligibilitatern:
664 1760 716 1813 sed
735 1760 804 1813 talis
824 1767 869 1814 est
888 1760 989 1813 diviua
1010 1760 1156 1824 Essentia,
1187 1762 1249 1829 ipsa
1269 1776 1400 1831 namque

220 1840 389 1895 radicaliter
407 1842 539 1895 eontinet
557 1855 659 1894 omnes
679 1840 806 1896 Deitatis
827 1842 1020 1909 perlectiones
1032 1855 1099 1907 qua
1118 1841 1233 1908 abipsa
1248 1842 1402 1909 metaphy-

219 1922 281 1975 siee
307 1928 463 1981 emanaut;
492 1922 624 1975 eontinet
652 1920 742 1974 etiam
771 1920 939 1974 virtualiter
968 1919 1242 1988 intelligibilitatem
1267 1922 1401 1974 omnium

221 2008 422 2053 creaturarum
435 2015 502 2069 qure
516 2007 586 2054 sunt
599 2000 839 2068 partieipatioues
853 2000 988 2067 quiedam
1004 2000 1096 2067 ipsius
1116 1999 1225 2052 divium
1246 1999 1399 2054 llrrtitatis:

220 2095 291 2147 ergo
311 2080 373 2132 lure
392 2081 530 2139 essentia,
546 2080 668 2147 precise
680 2086 828 2147 qnatenus
841 2080 969 2133 (essentia
982 2085 1036 2143 est,
1051 2086 1094 2132 est
1108 2079 1255 2146 objectum
1270 2080 1400 2148 primum

222 2158 364 2212 motivum
376 2158 544 2213 intellectus
554 2158 822 2212 ‹lirim.--Da·arn:
834 2157 865 2211 Si
876 2159 954 2227 quod
965 2158 1047 2211 aliucl
1058 2158 1202 2227 assignari
1215 2164 1312 2227 posset
1323 2159 1402 2225 obje

222 2246 304 2293 ctum
320 2238 447 2306 primum
466 2239 609 2292 motivum
626 2238 720 2291 (livini
738 2238 918 2303 intellectas,
938 2238 1065 2291 maxime
1076 2238 1122 2289 vel
1134 2239 1276 2291 attributa
1286 2239 1400 2305 diviua,

221 2318 268 2370 vel
280 2318 492 2385 omnipotentia
502 2326 650 2387 quatenus
661 2319 801 2371 nimirum
815 2317 980 2372 virtualiter
992 2318 1124 2372 continet
1136 2331 1237 2371 omues
1251 2324 1402 2371 creaturas

222 2412 297 2465 quas
310 2404 405 2465 potest
419 2397 589 2465 producere,
601 2398 679 2451 sicut
692 2413 782 2451 causa
794 2413 880 2450 ¹vuum
894 2398 1088 2466 praeeminet
1097 2398 1234 2451 ellectum
1244 2414 1251 2450 ε
1262 2398 1315 2450 sed
1331 2412 1401 2450 neu-

221 2486 299 2530 trum
314 2477 373 2529 clici
385 2482 496 2545 poterat-r
517 2478 582 2529 ,l'on
597 2476 716 2545 quidem.
725 2478 871 2545 prinlum..
885 2478 953 2545 quia
964 2492 1033 2529 eum
1044 2478 1194 2544 attributa,
1208 2492 1262 2530 nee
1273 2476 1403 2530 farmali-

222 2568 275 2611 ter.
293 2572 348 2609 nee
369 2554 536 2609 radicaliter
555 2557 690 2610 divinam
710 2557 879 2611 Esserrtiam
899 2557 1080 2623 contineant,
1101 2557 1189 2609 eliam
1214 2572 1330 2611 movere
1353 2572 1402 2611 ue·

221 2641 336 2706 queunt
349 2635 484 2688 divinum
499 2636 684 2691 intellectum
697 2637 733 2690 acl
748 2638 842 2706 ipsius
855 2637 990 2691 essentia·
1001 2637 1210 2707 cognitionem.
1223 2636 1308 2691 ,luae
1321 2637 1403 2706 quod

221 2732 315 2770 unum
330 2717 505 2770 attributum
518 2717 607 2771 etiarn
627 2717 711 2770 aliud
730 2733 789 2772 aen
809 2719 942 2772 continet
960 2717 1130 2782 lormaliter,
1145 2725 1196 2772 aut
1217 2718 1401 2782 radicaliter3

222 2797 273 2850 sed
288 2797 383 2849 solum
399 2796 536 2864 irleutiee‚
550 2805 580 2851 et
594 2798 707 2851 ratione
720 2797 830 2852 ‹livirun
845 2798 986 2852 Essentire
1000 2813 1034 2849 ae
1048 2797 1202 2850 latinitatis
1217 2798 1246 2850 in
1261 2813 1321 2866 qua
1342 2812 1404 2850 rea·

225 2879 291 2930 liter
309 2877 438 2930 invicem
459 2877 694 2944 irlentilieantur,
715 2878 849 2946 adeoquo
869 2877 986 2931 nullum
1006 2892 1106 2930 eorum
1127 2879 1334 2931 attributorum
1355 2892 1404 2946 po-

223 2963 280 3011 test
298 2958 406 3010 lralrere.
425 2958 568 3010 rationem
588 2958 695 3024 objecti
716 2959 850 3025 primarii
872 2962 1007 3026 respectu
1027 2957 1119 3010 (livini
1135 2957 1312 3011 intellectus.
1335 2959 1403 3011 Non

221 3037 307 3090 eiiam
328 3037 508 3090 socroulurn:
527 3036 589 3089 laec
610 3037 692 3090 euim
716 3037 816 3090 divina
847 3037 1059 3104 omnipotentia
1087 3036 1255 3091 virtualiter
1281 3037 1402 3106 quidem

222 3117 355 3170 eontinet
378 3122 527 3169 creaturas¹
548 3131 623 3184 equas
643 3121 739 3185 potest
758 3116 931 3184 producere,
952 3117 1054 3184 sieque
1075 3120 1208 3184 respectu
1227 3133 1327 3170 earum
1354 3131 1403 3186 po·

223 3203 280 3250 test
299 3197 405 3248 lralrere
426 3196 566 3248 rationem
586 3196 694 3263 oeieeti
714 3197 808 3266 primo
829 3197 973 3250 moventis
987 3196 1023 3248 ad
1039 3197 1167 3265 ipsarum
1183 3197 1402 3266 coguitionem:

223 3291 309 3330 secus
327 3280 372 3327 est
390 3280 487 3328 aunan
509 3275 544 3328 cle
564 3274 667 3328 (lirina
687 3275 823 3330 Essentia
855 3276 980 3344 ejusque
1009 3276 1168 3335 attributis,
1189 3290 1255 3343 quae
1283 3291 1350 3328 eum
1372 3277 1402 3328 in

223 3357 348 3423 ipsaruet·
366 3355 578 3422 omnipotentia
598 3371 653 3410 nee
672 3355 839 3409 virtualiter
859 3372 913 3409 nec
934 3356 1094 3408 lormaliter
1119 3355 1337 3420 contineantur,
1360 3354 1402 3406 id-

223 3435 301 3488 cireo
321 3449 374 3487 nec
394 3433 547 3502 perillam
567 3435 705 3505 cognosci
726 3446 866 3503 possunt:
888 3436 1020 3502 adeoque
1040 3433 1252 3502 onmipoterrtia
1271 3447 1330 3486 nou
1352 3448 1403 3501 po·

222 3519 281 3568 test
299 3516 406 3566 habere
427 3514 568 3567 rationem
589 3515 694 3581 objecti
715 3516 854 3584 primario
884 3515 1029 3568 araveritis
1048 3513 1232 3567 intellectum
1262 3513 1401 3566 (livinum

222 3594 259 3646 arl
279 3595 478 3662 cognitionem
501 3593 641 3647 Esserrtiie
661 3594 771 3648 clivinu·
800 3603 829 3649 et
859 3595 1073 3648 attributorum
1092 3623 1126 3630 -
1145 3592 1294 3662 lienique:
1324 3591 1404 3646 Illud

223 3673 388 3726 iecessario
407 3674 597 3726 statuendum
617 3680 662 3727 est
681 3674 828 3741 objectum
850 3674 1023 3743 primarium
1045 3687 1167 3724 rrrovens
1196 3673 1332 3725 (livinum
1362 3673 1405 3724 irr-

223 3752 386 3811 tellectum,
407 3751 486 3820 quod
515 3753 654 3820 priurario
674 3755 762 3807 habet
791 3755 933 3806 rationem
965 3751 1179 3821 intelligibilis:
1200 3753 1250 3806 secl
1280 3752 1406 3822 ipsamet

223 3833 324 3886 ‹livina
344 3832 480 3885 Esseatia
499 3832 637 3900 primario
658 3833 746 3886 lrabet
765 3834 907 3886 rationem
930 3832 1138 3900 intelligibilis,
1154 3847 1221 3886 cum
1238 3833 1302 3900 ipsa
1321 3833 1361 3886 sit
1376 3831 1405 3884 id

223 3913 302 3982 quocl
323 3913 352 3964 iu
373 3911 435 3964 Deo
454 3912 581 3980 priorum
601 3922 647 3966 est
664 3913 864 3982 cognoscibile
878 3920 907 3966 et
921 3914 950 3965 in
965 3913 1043 3980 quod
1057 3912 1196 3967 ultunum
1217 3921 1325 3966 catera
1345 3927 1406 3966 om·

224 3993 275 4046 uia
293 4008 359 4061 quie
380 3991 410 4044 in
423 3991 487 4044 Dea
500 3992 719 4060 concipiuntur,
737 3997 891 4061 tamquam
907 3994 936 4045 in
952 4001 1041 4061 caput
1055 3999 1083 4046 et
1096 3993 1206 4046 sontem
1221 3997 1406 4046 releruutur:

228 4089 308 4141 ergo,
329 4081 384 4126 etc.

281 4153 392 4206 incus:
414 4149 543 4205 Scierrtia
563 4153 618 4206 Dei
639 4159 683 4206 est
702 4152 878 4221 simplicit-,r
900 4154 1022 4206 inlinita
1049 4153 1246 4220 urnnibusquc
1275 4153 1409 4204 numeris

225 4233 376 4286 absoluta:
396 4247 467 4302 ergo
485 4233 658 4300 prinmriuru
677 4233 743 4300 ejus
762 4233 911 4299 objectum
931 4233 1019 4285 (lebet
1037 4247 1101 4286 esse
1121 4230 1209 4285 etiam
1231 4230 1408 4300 simpliciter

226 4313 375 4366 infinitum
395 4313 592 4380 omnibusque
613 4313 675 4365 suis
695 4313 926 4380 perlectionibus
946 4315 1101 4365 constans:
1123 4310 1173 4364 sed
1194 4309 1262 4364 talis
1282 4327 1340 4362 uon
1362 4315 1408 4364 est

225 4393 326 4446 divina
347 4391 483 4444 essentia
501 4397 649 4459 quatenus
667 4391 839 4460 paese-indit
867 4391 904 4444 ab
923 4391 1083 4458 attributiS,
1104 4398 1138 4444 ut
1166 4390 1209 4444 sie
1236 4390 1315 4442 enirn
1346 4405 1407 4442 non

226 4471 354 4528 includit
372 4471 581 4540 permutarem
601 4472 827 4526 attributorum:
847 4486 918 4541 ergo
937 4487 996 4525 uon
1016 4469 1079 4525 solu
1098 4478 1128 4524 et
1156 4469 1236 4524 nuda
1264 4470 1405 4538 urenae,

228 4557 376 4622 quatenus
395 4553 458 4604 suis
476 4551 614 4604 omuibus
627 4551 858 4620 perfectionibus
871 4550 1047 4616 illustratur,
1063 4557 1108 4606 est
1120 4550 1294 4620 primarium
1307 4547 1405 4602 dlrinl

239 4631 399 4688 intellectus
425 4631 583 4700 objectum.
603 4660 639 4670 -
656 4631 825 4698 Diattussuo
852 4632 987 4698 primum
1013 4644 1217 4697 eumaquaut:
1247 4627 1406 4696 Objeetum
