3067 5400
174 558 225 623 ⁴30
560 577 606 625 eu
630 576 793 625 serasera
818 577 976 626 vrsronrs.

174 698 312 763 spondeo
332 699 356 751 1.
379 698 474 751 Deum
494 713 548 751 sna
567 699 684 753 decreta
703 699 796 753 libera
815 715 874 753 non
888 700 1062 755 antecedere
1081 700 1184 770 aliqua
1203 702 1352 771 prioritate

178 784 208 831 et
227 778 349 831 instanti
369 778 399 830 in
417 792 486 846 qua
507 778 559 832 sed
577 778 673 832 selum
692 795 710 832 a
728 794 796 847 que.
818 780 950 833 Secrrirdo
969 780 1075 833 laisum
1097 785 1141 835 est
1160 796 1197 835 ex
1223 782 1351 851 propesi-

179 858 310 911 tionibus
328 858 561 911 eentradietoriis
574 874 665 913 unam
684 874 748 913 esse
767 860 961 914 determinate
980 876 1080 915 veram
1106 868 1136 915 et
1155 860 1279 915 alteram
1303 862 1354 915 lal-

176 954 243 991 sam
261 938 294 991 in
312 940 398 1008 signo
417 939 593 1007 praecedenti
622 939 758 993 divinum
786 939 947 1006 decretum,
969 940 1040 1009 quia
1059 940 1133 994 nihil
1154 944 1199 995 cst
1218 946 1351 995 laturum

179 1024 250 1072 ante
268 1017 344 1071 illud
362 1018 523 1072 dec-return.
549 1018 641 1071 Tertio
660 1018 736 1071 dico:
750 1019 887 1087 equidem
901 1020 1076 1073 alterutrum
1092 1020 1353 1075 contradictorium

180 1098 286 1153 debere
304 1098 449 1152 verilicari
468 1114 520 1166 pro
538 1098 644 1166 quovis
664 1100 787 1153 instanti
806 1098 970 1153 durationis
990 1099 1087 1168 realis;
1109 1115 1168 1153 non
1188 1104 1289 1155 antem
1304 1116 1354 1169 pre

180 1179 286 1246 quevis
304 1179 428 1232 instanti
446 1182 570 1231 naturae.
591 1179 637 1231 vel
661 1180 791 1245 rationis3
819 1179 848 1231 in
880 1179 931 1232 illo
955 1180 1034 1233 enim
1064 1180 1152 1248 priori
1178 1181 1265 1249 signo
1285 1195 1355 1249 prae·

180 1258 275 1312 scindi
295 1264 390 1327 petest
408 1259 446 1311 ab
464 1264 600 1325 utroque;
620 1273 679 1327 quo
697 1266 813 1313 constat
832 1259 978 1327 rrxenrplo:
1000 1260 1029 1311 in
1049 1260 1138 1327 priori
1152 1258 1233 1313 enirn
1256 1260 1353 1329 signo,

181 1355 240 1407 quo
258 1339 428 1391 humanitas
447 1344 492 1391 est
509 1340 590 1406 prior
607 1338 784 1405 risibilitate‚
805 1354 860 1393 nee
879 1345 924 1392 est
937 1339 1098 1407 risibilitas,
1114 1339 1188 1392 alias
1203 1356 1263 1393 nen
1278 1344 1355 1395 esset

181 1420 246 1487 ipsa
264 1426 370 1472 natura
389 1418 540 1486 posterior,
561 1434 616 1471 nec
638 1434 697 1471 non
719 1418 879 1481 risibilitas,
901 1418 975 1471 alias
995 1434 1052 1472 nen
1067 1427 1166 1487 possit
1179 1420 1355 1473 humanitati

176 1503 355 1567 competere.

235 1576 363 1633 Onmcr'r
384 1592 535 1639 eastern:
557 1577 638 1632 Deus
658 1594 709 1647 pro
722 1577 775 1630 ille
788 1579 873 1647 signo
889 1579 1009 1632 rationis
1024 1580 1053 1632 in
1068 1594 1127 1647 qno
1141 1579 1274 1633 nondum
1288 1594 1354 1635 eon-

176 1659 291 1727 cipitur
310 1659 416 1711 habere
437 1658 561 1711 liberum
582 1657 743 1721 decretum,
759 1659 982 1727 comprehcndit
995 1674 1079 1713 suain
1093 1659 1251 1713 essentiam
1266 1666 1296 1715 et
1308 1674 1356 1713 ro-

181 1740 338 1793 luntatem:
358 1738 408 1791 sed
429 1753 486 1791 non
507 1744 602 1807 petest
630 1737 711 1791 illam
740 1738 988 1807 comprehendero
1017 1739 1074 1792 nisi
1094 1740 1125 1791 in
1144 1754 1179 1793 cn
1198 1746 1356 1809 cognoseat

177 1835 236 1872 sua
255 1819 372 1872 decreta
390 1822 490 1871 tunrra
509 1818 539 1872 in
558 1819 695 1887 sequenti
713 1819 810 1887 signo:
831 1833 899 1871 curn
918 1819 996 1871 enirn
1017 1819 1147 1888 cognitio
1167 1819 1356 1888 eomprehen-

175 1901 246 1953 siva
264 1900 303 1953 sit
323 1899 544 1967 perlectissirna,
565 1899 683 1952 ‹exterrdi
704 1898 791 1953 debet
810 1898 891 1951 adid
909 1914 1005 1967 omne,
1027 1900 1104 1967 quod
1127 1900 1155 1951 in
1176 1899 1291 1967 objecto
1303 1914 1356 1953 suo

182 1981 360 2034 continetur:
380 1994 451 2047 ergo
470 1994 538 2032 curn
559 1979 676 2032 decreta
694 1978 805 2032 directe
824 1979 1033 2033 contineantur
1058 1979 1175 2033 realiter
1198 1980 1230 2033 in
1252 1978 1356 2033 voluu-

182 2066 242 2114 tate.
260 2064 290 2113 et
308 2060 466 2112 essentiam
487 2058 552 2119 Ilei,
574 2058 655 2111 Deus
675 2073 734 2112 non
753 2064 849 2126 potest
868 2074 951 2111 suam
966 2061 1135 2125 essentiam,
1151 2073 1295 2127 suamque
1308 2074 1357 2113 ro-

182 2141 328 2195 luntatem
351 2154 528 2205 cognoscere
547 2139 620 2206 quin
639 2138 749 2206 pariter
769 2144 927 2207 eognoscat
949 2154 1002 2191 sna
1020 2139 1146 2193 decreta.
1168 2169 1203 2177 -
1221 2141 1357 2206 Respon-

183 2224 238 2273 deo
258 2221 282 2272 1.
304 2218 390 2271 Illam
411 2218 574 2271 illationem
593 2222 654 2271 l'ore
673 2233 772 2271 reram
791 2219 816 2269 si
837 2218 957 2272 daretur
982 2218 1081 2286 aliqua
1107 2220 1243 2287 prioritas
1263 2219 1293 2271 in
1314 2220 1356 2272 in-

177 2300 271 2354 stanti
291 2298 362 2351 reali
383 2300 459 2351 inter
477 2304 560 2351 actus
581 2298 760 2350 necessarios
780 2302 809 2351 et
835 2298 956 2359 liberos3
977 2304 1113 2367 essetque
1137 2314 1250 2359 verum.
1278 2299 1357 2367 quod

184 2380 264 2433 l'leus
284 2379 312 2431 in
334 2378 454 2431 instanti
471 2378 541 2430 reali
564 2378 645 2445 prins
671 2392 702 2429 se
725 2388 924 2446 cognosceret.
952 2394 1040 2446 ernam
1068 2380 1205 2432 iorrnaret
1227 2378 1354 2443 rlcrareta3

181 2475 248 2529 qum
267 2458 429 2526 suppositio
449 2472 516 2510 enni
537 2457 611 2509 lirlsa
630 2458 678 2517 sit,
699 2458 787 2509 etiarn
803 2458 909 2509 lalsnrn
924 2464 977 2524 est,
993 2458 1072 2526 quod
1092 2474 1128 2511 es
1149 2458 1201 2511 illa
1220 2458 1353 2512 insertur.

182 2571 217 2579 -
233 2538 400 2606 llespunnleo
418 2538 444 2589 2.
466 2537 550 2599 Quod
568 2538 705 2605 quamvis
726 2536 807 2590 lle-us
826 2538 855 2590 in
872 2537 922 2591 illo
938 2539 1024 2606 priori
1045 2538 1141 2607 signo,
1156 2538 1186 2591 in
1206 2553 1266 2606 quo
1290 2554 1357 2591 con-

177 2620 335 2689 cipiuntur
347 2623 461 2671 tantum
476 2620 561 2670 actus
574 2617 734 2683 naturales,
746 2622 776 2671 et
789 2618 920 2671 nondum
941 2618 1150 2685 concipiuntur
1163 2625 1246 2672 aetus
1260 2617 1356 2683 liberi,

177 2717 266 2754 surim
286 2697 515 2768 comprehendat
534 2698 702 2764 essentiann
724 2713 783 2751 non
807 2706 903 2752 tarni-n
925 2698 1034 2752 dicitur
1047 2713 1223 2768 cognoscere
1236 2714 1290 2752 sna
1309 2697 1357 2752 de-

181 2787 262 2836 creta
280 2784 314 2835 ut
333 2781 443 2842 lirtrrrrn
464 2794 532 2832 enm
552 2780 631 2832 enirn
651 2779 753 2831 divina
774 2779 911 2832 rolnntas
933 2781 961 2831 in
987 2779 1038 2831 illo
1062 2780 1148 2848 sigule
1173 2779 1359 2848 concipiatur

182 2871 215 2917 nt
236 2859 404 2915 indifferens
430 2869 458 2912 et
488 2859 715 2912 irnleterrninata
743 2859 780 2912 ad
807 2859 1028 2926 productionem
1050 2874 1157 2924 rernm,
1179 2873 1238 2911 nen
1261 2864 1356 2926 petest

180 2959 245 2996 esse
265 2941 394 2995 niedinrn
414 2939 451 2992 ad
472 2939 523 2992 illa
542 2939 660 2992 ‹len-eta
691 2938 883 2992 determinate
910 2939 1126 3007 cognoscenda:
1154 2938 1185 2990 in
1211 2937 1357 3008 principio

181 3025 261 3076 renim
281 3009 460 3074 indifferenti
480 3028 509 3072 et
530 3019 765 3076 irnleterminato.
796 3033 854 3070 nen
875 3027 970 3086 potest
990 3018 1127 3086 cognose-i
1148 3025 1245 3072 certus
1258 3023 1289 3072 et
1307 3018 1356 3072 de-

182 3101 357 3156 terminatus
377 3099 508 3151 ellectus.

237 3183 481 3234 l'aormsrsrrn.
494 3194 533 3230 ,ne
544 3192 728 3230 sorn'rsrrn
745 3193 885 3232 aaronrn
902 3179 1356 3232 l··t's·1r.-tsll:s·T.t.—llllalcu'n'l·

179 3269 334 3332 postrenne
353 3260 507 3312 sententiae
526 3257 703 3310 Assertores:
725 3258 844 3312 ratioet
864 3259 908 3310 ris
928 3257 1169 3312 contradictionis
1190 3259 1355 3312 necessario

180 3342 272 3395 allicit
289 3345 323 3394 ut
342 3355 403 3392 nna
427 3355 464 3390 ex
484 3338 599 3391 duabus
629 3337 876 3406 propositionibus
905 3337 1139 3390 contradictoriis
1164 3338 1202 3390 sit
1221 3337 1356 3392 detenui-

182 3429 250 3476 nate
268 3436 339 3474 vera
357 3427 386 3473 et
405 3418 497 3473 altera
517 3417 709 3471 determinate
729 3418 813 3474 laisa.
834 3422 867 3470 ut
881 3417 944 3470 istic
958 3417 1181 3486 propositiones,
1197 3416 1229 3468 si
1245 3417 1357 3470 lintius

183 3505 295 3556 ror-einr
314 3501 343 3552 in
365 3499 418 3552 ioli
431 3502 555 3566 terirpore
574 3501 599 3546 el
618 3497 772 3554 ascesione.
796 3514 890 3548 luceru
910 3497 1075 3550 consentiet:
1092 3497 1127 3549 Et
1146 3497 1172 3550 si
1193 3499 1305 3550 anelar-
1324 3497 1354 3550 in

180 3582 234 3635 loli
245 3584 368 3649 ternpore
377 3581 404 3632 et
413 3578 556 3631 occasione
568 3593 623 3628 non
647 3577 811 3632 eonmnliai.
825 3585 894 3630 snnt
905 3591 973 3630 vere
984 3577 1217 3630 contradictoriae
1237 3592 1289 3646 pre
1303 3577 1355 3630 illo

181 3662 270 3731 priori
290 3661 376 3729 signo
395 3658 588 3712 antecedente
607 3657 742 3711 divinum
763 3657 924 3717 decretum:
945 3671 1015 3725 ergo
1036 3673 1086 3724 pro
1105 3657 1191 3726 signo
1210 3657 1301 3724 priori
1320 3657 1357 3710 ad

181 3743 318 3794 divinum
338 3739 499 3792 decretum.
520 3753 579 3790 una
600 3737 717 3790 illarum
737 3743 783 3789 est
802 3737 994 3790 determinate
1015 3753 1084 3789 vera
1103 3741 1132 3790 et
1151 3737 1244 3789 altana
1263 3736 1357 3790 deter-

183 3822 293 3874 rnlnate
313 3819 397 3872 lalsa.
412 3825 440 3870 et
453 3823 669 3884 consequenter
687 3821 732 3869 est
750 3815 960 3884 cognoscibilis
979 3833 996 3868 a
1017 3817 1078 3869 Deo
1104 3825 1172 3870 unte
1192 3816 1354 3870 decretam.

181 3901 406 3966 -Respondeo
425 3900 449 3950 l.
471 3896 690 3965 llistinguendo
711 3898 871 3960 inierim-em:
894 3897 966 3949 ratio
994 3895 1235 3949 contradictionis
1259 3897 1354 3966 exigit

183 3989 216 4036 nt
234 3995 295 4034 arna
320 3995 356 4030 ex
385 3977 619 4032 contradictoriis
647 3977 685 4030 sit
713 3977 906 4030 determinate
936 3991 1005 4028 vera
1034 3982 1063 4029 et
1082 3976 1141 4028 aliu
1160 3975 1356 4030 determinate

182 4061 256 4114 l'alsa
270 4075 321 4129 pro
341 4059 420 4112 omni
435 4059 556 4112 instanti
572 4057 654 4111 reali.
669 4057 808 4110 concedo:
823 4072 875 4124 pro
889 4057 968 4109 onrni
984 4056 1106 4110 instanti
1122 4055 1252 4118 rationis,
1269 4072 1356 4126 laege:

177 4147 211 4194 et
229 4155 367 4194 concessa
386 4139 507 4196 arriano-e,
529 4153 604 4206 nego
632 4136 875 4205 relinquentium.
898 4165 932 4173 -
960 4136 1126 4204 loapnnleo
1157 4135 1182 4188 2.
1215 4135 1358 4204 Negando

184 4222 344 4274 olitionem:
360 4234 464 4287 nerrrpe
478 4217 557 4286 qnod
570 4217 783 4286 propositiones
798 4215 855 4268 illae
871 4215 899 4268 in
914 4216 1000 4284 signo
1014 4215 1207 4268 antecedente
1221 4214 1357 4268 dirinunr

179 4301 332 4354 decretum
352 4300 411 4352 sint
430 4297 673 4356 contradict-oria»,
695 4296 764 4364 qnia
785 4295 821 4347 ad
842 4295 1114 4352 coinradictiornnn.
1131 4294 1296 4348 necessario
1310 4295 1358 4348 de-

182 4383 231 4434 lict
249 4381 375 4448 supponi
396 4379 524 4432 essentia
544 4376 759 4446 propositionis.
782 4373 855 4428 (ἳιιιιι
886 4380 984 4428 autem
1011 4384 1080 4428 ante
1109 4374 1264 4435 decretum¹
1282 4375 1356 4428 uilril

180 4461 302 4514 omnino
321 4460 360 4512 sit
378 4462 522 4514 l'nturum.
543 4457 589 4510 vel
610 4471 670 4509 non
690 4457 834 4518 luturunn
855 4455 964 4508 idcireo
993 4469 1048 4507 nee
1068 4461 1140 4508 tune
1164 4459 1209 4507 est
1227 4453 1357 4508 essentia

182 4539 399 4610 propositionis,
420 4553 486 4607 ilua·
508 4553 567 4590 rem
587 4536 757 4590 enuntiaret
777 4550 828 4603 pro
849 4534 899 4586 illo
918 4534 1004 4604 signo
1024 4535 1164 4600 lirturanr,
1179 4533 1226 4586 vel
1242 4547 1303 4586 non
1315 4535 1360 4588 lu-

181 4629 289 4685 turam,
309 4619 442 4688 adeoque
461 4633 516 4672 nee
534 4625 579 4670 est
597 4614 801 4670 contradictio.
