3067 5400
179 524 244 591 130
396 540 441 589 aa
463 540 629 589 estscrrs
654 540 853 588 nivennensi
879 538 1163 589 suanarrosuat.

232 662 385 718 Cenares.
406 663 432 715 ι).
455 662 638 731 Principium
658 678 716 731 qno
729 662 896 730 proximum
915 661 1117 731 generationis
1141 662 1242 717 Verbi
1262 670 1295 717 et
1315 678 1376 733 pro-

176 746 326 799 ductionis
345 740 472 812 Spiritus
491 742 598 805 saneti,
619 758 684 795 esse
702 742 822 809 quidem
838 740 1023 795 intellectum
1037 746 1067 795 et
1081 740 1286 797 voluntatem
1307 742 1371 807 Dei,

176 826 229 879 sed
243 832 390 893 quatenus
404 822 611 875 rnotlilicantur
623 832 652 876 ct
663 822 899 875 determinantur
913 836 965 889 per
984 820 1147 875 relationes
1172 822 1373 877 Paternitatis

176 912 207 960 ct
228 904 401 959 filiationis.
427 904 501 955 Tum
534 902 605 971 quin
634 902 737 955 eodem
768 902 853 955 inodo
882 900 1052 955 intellectus
1079 906 1110 955 et
1131 902 1287 959 voluntas
1308 910 1375 957 sunt

177 987 323 1055 principia
343 984 485 1052 proxima,
507 982 655 1051 qumodo
674 983 802 1036 essentia
822 982 926 1035 dorna
943 986 989 1035 ost
1006 982 1200 1051 principium
1223 990 1372 1039 remotum

105 1096 124 1109 a
177 1067 347 1119 divinarum
366 1063 603 1132 processionum:
623 1063 675 1115 sed
694 1063 824 1116 essentia
851 1062 965 1129 dirina,
994 1066 1029 1115 ut
1050 1061 1203 1131 diximus,
1225 1064 1303 1119 talis
1321 1070 1372 1127 est,

177 1154 324 1215 quatenus
343 1150 388 1197 cst
406 1143 602 1196 determinata
621 1158 673 1211 per
693 1142 849 1196 relationes
863 1140 1048 1211 personales:
1061 1142 1087 1195 si
1101 1143 1188 1197 enirn
1205 1144 1282 1199 talis
1296 1150 1370 1199 aaa

176 1226 311 1279 absolute
329 1230 471 1292 spectata,
492 1230 666 1291 sequeretur
684 1238 748 1275 ram
770 1222 932 1275 lbrmaliter
949 1237 1014 1276 eme
1032 1222 1225 1291 principium
1247 1240 1373 1295 gencra-

177 1307 266 1359 tionis
286 1306 316 1357 in
337 1304 421 1367 Filio,
442 1310 472 1356 et
490 1303 691 1371 garrerationis
709 1318 745 1355 ac
764 1302 934 1371 spirationis
954 1303 984 1356 in
997 1298 1112 1371 Spiritu
1124 1310 1259 1359 saneto:
1280 1306 1372 1375 siqui·

176 1386 243 1437 dem
263 1392 307 1439 est
327 1386 356 1437 in
376 1384 419 1435 cis
439 1382 610 1436 torrnaliter:
640 1398 710 1451 crgo
739 1383 802 1450 pari
833 1383 945 1437 ratione
972 1382 1146 1437 intellectus
1168 1390 1202 1439 et
1222 1385 1367 1441 voluntas

176 1465 279 1517 utrina
298 1472 368 1517 sunt
388 1462 533 1531 principia
551 1462 722 1515 divinarum
741 1462 973 1529 processionum,
988 1467 1138 1531 quatenus
1153 1465 1254 1519 etiarn
1276 1466 1369 1521 detet-

177 1544 329 1607 minantur
349 1558 400 1611 per
418 1542 536 1595 easdem
558 1542 714 1595 relationes
733 1541 912 1609 personales.
940 1542 1015 1595 'l'um
1033 1541 1106 1611 quur·
1126 1546 1282 1611 potentiue
1312 1560 1367 1599 nou

178 1625 287 1681 babent
308 1623 449 1677 rationem
469 1621 607 1689 principii
628 1621 764 1689 proximi,
786 1620 842 1674 nisi
871 1625 1019 1689 quatenus
1037 1626 1109 1675 suut
1130 1622 1163 1677 in
1185 1626 1366 1694 suppositis.

176 1703 257 1757 rrndc
275 1704 406 1757 actiones
425 1708 495 1754 sunt
513 1701 743 1769 suppositorum:
764 1716 835 1769 ergo
856 1701 1025 1756 intellectus
1043 1706 1073 1755 et
1091 1702 1244 1759 voluntas
1266 1690 1368 1759 diritr'a

178 1800 236 1837 non
256 1788 344 1837 erunt
363 1782 508 1850 principia
528 1781 672 1849 proxima,
693 1781 750 1835 nisi
770 1788 919 1849 quatenus
938 1782 1180 1836 determinantur
1200 1784 1242 1837 ad
1266 1786 1368 1840 l’erso·

177 1880 245 1918 narn
263 1864 356 1917 l'atris
375 1868 405 1915 ct
425 1861 502 1913 Filii.
529 1862 602 1913 'I'um
623 1861 747 1929 ‹lertiqtte
766 1860 837 1930 qnia
857 1858 887 1914 S.
908 1860 1090 1916 Athanasius
1117 1862 1256 1934 Dialogo
1280 1868 1305 1920 1.
1329 1864 1367 1919 Dr

182 1944 286 1997 'll-init.
308 1944 369 1996 ait:
387 1944 401 1995 I
405 1945 473 1994 'aler
484 1941 636 2009 lrppostesi
645 1940 751 2009 pipant,
765 1946 795 1994 ct
807 1941 982 1996 Ambrosius
995 1943 1045 1996 lib.
1061 1942 1087 1996 4.
1104 1942 1149 1997 De
1165 1944 1245 1999 sate
1260 1961 1329 2015 cap.
1343 1946 1366 1999 l.

180 2023 342 2081 (lutterulis,
359 2022 466 2090 inqtrit,
485 2023 617 2074 l'eternae
627 2021 817 2089 proprietatis
829 2024 880 2075 est.
900 2039 956 2073 non
970 2021 1114 2090 mentite.
1131 2022 1171 2077 Et
1185 2022 1219 2079 S.
1235 2024 1366 2096 August.

173 2105 228 2157 lib.
252 2106 276 2156 1.
300 2103 340 2155 lle
365 2102 469 2155 Triarii.
485 2117 549 2169 cap.
566 2102 591 2155 i).
607 2102 665 2155 ait:
683 2102 799 2169 hittipero
815 2104 932 2154 l'atrem
948 2101 1008 2156 diei
1018 2105 1046 2155 et
1057 2118 1116 2155 ease
1137 2104 1280 2173 Patrem,
1294 2106 1370 2175 quod

177 2184 253 2235 esici
273 2182 380 2235 Filius:
401 2196 471 2249 ergo
490 2197 558 2234 cum
580 2182 667 2235 Pater
687 2198 745 2234 non
774 2182 880 2236 lrabeat
903 2182 1022 2249 l'ilium,
1037 2183 1093 2236 nisi
1115 2198 1154 2237 ex
1175 2185 1210 2239 u·
1226 2187 1367 2255 pourntlae

177 2264 356 2333 garrieratira·
376 2261 578 2316 determinata·
599 2278 651 2330 per
665 2262 887 2327 l'atcrnitatern,
903 2263 990 2316 etiam
1014 2278 1112 2331 neque
1137 2264 1246 2333 gignit
1260 2268 1369 2337 princi·

178 2344 226 2413 pio
245 2361 311 2411 ιμιυ.
334 2343 389 2395 nisi
411 2358 462 2409 per
482 2342 662 2410 hypostasim
683 2350 713 2396 et
734 2342 905 2396 relationem
927 2342 1109 2411 personalem
1130 2344 1350 2402 determinato.

525 2492 746 2570 QUAESTIO
772 2494 1008 2564 SECUNDA.

215 2616 423 2672 Cl'Jl'Sb'All
444 2616 608 2671 (intacti
629 2616 900 2672 Ct'tllNlTlllNEll
923 2618 973 2671 ΕΤ
987 2616 1154 2672 attineant
1173 2620 1336 2679 Divlsffi

447 2695 730 2752 introissemus
750 2696 1084 2754 Pictisrl’rortANT.

231 2833 326 2886 Aliter
354 2834 475 2900 proponi
505 2833 580 2885 solet
598 2848 614 2883 a
635 2832 797 2886 Tlromistis
816 2849 945 2901 praesens
965 2833 1103 2896 Quaestio,
1124 2850 1198 2888 curn
1213 2840 1301 2894 enirn
1322 2841 1371 2896 do-

177 2921 264 2966 ceant
284 2912 412 2965 l'erbum
433 2912 568 2965 divinum
590 2929 641 2981 per
662 2912 902 2977 intellectionenr‚
923 2919 953 2966 et
972 2913 1113 2982 Spiritum
1134 2923 1284 2974 sanetum
1317 2939 1369 2992 prr

177 3009 304 3046 amorem
326 2993 492 3061 procedere.
515 2993 583 3045 inde
603 3008 661 3045 non
684 2993 829 3046 itnrncrito
848 3000 997 3061 quaerunt,
1017 3011 1054 3046 ex
1073 2994 1241 3060 cuiusnam
1255 3001 1370 3070 ⁰bj⁰⁰il

176 3074 346 3141 cognitione
366 3077 395 3125 ct
413 3088 522 3126 amores.
545 3073 607 3124 inec
627 3081 752 3140 utraque
772 3073 874 3126 divina
894 3073 1023 3127 Persona
1043 3075 1193 3142 procedat.
1220 3079 1283 3134 Nos
1299 3097 1372 3138 vero

176 3151 301 3204 subtilis
322 3152 456 3204 „octoas
476 3152 610 3220 ,pstigps
640 3152 827 3208 pltpprepms.
860 3168 927 3205 eum
957 3169 1122 3207 asseramus
1148 3155 1221 3211 illas
1242 3159 1369 3217 divinas

75 3230 82 3243 ³
178 3232 377 3299 processiones
396 3247 561 3299 supponere
589 3232 708 3299 quidem
732 3234 931 3300 cognitionem
954 3241 984 3287 et
1001 3248 1128 3287 amorem
1153 3241 1369 3306 essentialem,

176 3318 206 3365 et
225 3326 288 3363 esse
307 3311 437 3363 artiones
456 3311 573 3364 dicendi
594 3323 622 3364 et
636 3312 767 3379 spirandi
783 3315 819 3364 ab
835 3313 893 3364 illis
906 3314 1114 3367 essartialibus
1128 3322 1367 3384 operationibus

176 3392 340 3444 distinctas.
363 3405 547 3458 consequens
566 3399 620 3446 est.
641 3392 720 3459 ‹pmn
741 3394 926 3459 inquiramus
946 3400 975 3447 ct
996 3394 1178 3448 resolvamus
1199 3401 1369 3468 cuiusnam

174 3471 283 3534 obiecti
303 3471 406 3523 notitia
426 3479 455 3522 et
468 3486 567 3523 arnore
580 3472 701 3524 divinus
713 3472 892 3532 intellectus,
907 3474 1069 3542 divinaque.
1083 3473 1228 3532 voluntas
1251 3483 1369 3538 iterun·

176 3551 272 3604 detur.
294 3551 396 3603 atille
418 3551 545 3603 l'crbmn
567 3567 618 3618 per
636 3564 733 3604 aetum
755 3552 884 3616 dicendi,
907 3554 967 3606 brer
982 3552 1124 3621 Spiritum
1145 3567 1293 3616 sanctum
1317 3581 1370 3634 per

176 3639 275 3683 actum
296 3630 425 3697 spirandi
447 3631 599 3698 producat.
621 3630 762 3699 Adeoque
783 3649 911 3700 praesens
924 3633 1083 3687 ‹lillieultas
1103 3636 1271 3706 (quidquid
1294 3661 1369 3698 non·

178 3710 253 3762 nulli
275 3711 445 3772 reclament)
466 3712 620 3778 utriusque
640 3711 754 3763 Scitote».
775 3711 939 3765 sectatores·
958 3719 1081 3781 spectat.
1105 3730 1299 3788 quartiquam
1320 3725 1366 3778 di.

177 3806 261 3842 rersa
280 3790 318 3842 sit
337 3789 401 3854 eius
421 3791 590 3858 proposit-io.
611 3793 771 3860 rariusque
790 3808 854 3845 cam
875 3793 1009 3845 solvendi
1032 3795 1145 3848 modus.

232 3870 411 3922 Noraxnt'n
433 3873 457 3922 l.
472 3871 556 3932 (tried
571 3887 638 3923 curn
652 3872 762 3923 ditium
776 3873 898 3929 notitia.
914 3874 1070 3942 divinique.
1083 3879 1192 3928 amoris
1202 3881 1363 3948 objectum

175 3950 319 4016 distingui
342 3951 432 4016 possit
452 3950 655 4018 quadruplex:
678 3952 817 4004 nimirum
836 3955 857 4004 l.
877 3953 1010 4007 lissentia
1024 3955 1127 4008 divina
1140 3959 1287 4016 omnibus
1304 3967 1370 4020 suis

176 4030 320 4081 absolutis
341 4030 580 4097 porrectionibus.
602 4032 751 4085 attributis
772 4049 886 4101 nempe,
915 4035 1009 4086 modis
1042 4045 1072 4088 ct
1100 4036 1303 4098 lacnltatibus
1325 4047 1369 4100 in.

177 4109 331 4174 tellite-endi
352 4121 380 4162 et
400 4109 519 4162 rolentli
540 4111 671 4177 praedita.
703 4111 728 4163 2.
762 4112 896 4164 l'crsona·
926 4115 1035 4167 dirime
1065 4115 1127 4168 suis
1148 4118 1364 4184 relationibus,

178 4190 386 4256 lrpprrstasilms
406 4197 434 4242 et
454 4190 713 4258 personalitatibus
733 4198 911 4245 constantes.
933 4195 959 4246 cl.
982 4193 1131 4248 Creaturm
1146 4201 1311 4264 possibiles
1325 4207 1365 4261 ab

178 4270 258 4320 orrmi
280 4270 453 4322 lntnritione
473 4277 501 4322 et
520 4271 677 4323 existentia
697 4273 936 4338 praescindentes.
963 4275 984 4326 l.
1008 4275 1144 4343 llcniqne
1158 4293 1267 4336 omnes
1281 4301 1367 4342 cre.-

176 4359 259 4404 tura.
280 4349 327 4400 rel
350 4356 418 4402 artu
438 4349 608 4406 existentes.
629 4351 675 4402 rel
696 4351 858 4418 aliqnando
878 4355 995 4417 laturae
1016 4357 1104 4408 titiam
1126 4357 1205 4410 cirea
1229 4377 1368 4430 praesan-

176 4429 213 4480 tis
232 4429 410 4489 terrasticum
432 4429 638 4482 resolutionem
658 4431 844 4500 ‹prradruplex
865 4441 909 4486 est
929 4436 1057 4488 rrraxime
1076 4437 1212 4505 opposita
1226 4439 1368 4502 Theolo-

174 4522 277 4574 gsorum
298 4509 455 4562 sententia.
479 4507 578 4563 l’rima
595 4511 722 4564 atlirrnat
744 4511 868 4565 l'erlmm
890 4515 1097 4582 procederetur
1112 4517 1231 4582 notitia,
1248 4527 1281 4578 at
1292 4521 1370 4596 βρι.

174 4588 262 4641 ritum
282 4595 419 4640 sanetum
438 4603 476 4641 ex
494 4603 603 4652 amore,
625 4605 727 4644 eornm
749 4593 883 4645 omnium
905 4594 1098 4662 olrirtetorum,
1128 4597 1220 4654 etiam
1242 4609 1370 4664 ereatu-
