3067 5400
175 578 221 645 76
555 595 600 643 na
624 595 790 643 serasera
813 594 977 644 vrsroars.

177 726 240 771 turn
260 718 503 771 condeterminat.
524 717 666 786 Adeoque
685 717 739 769 illa
758 718 858 770 littura
872 717 1077 787 contingentia
1097 718 1208 771 habent
1221 716 1356 770 determi-

178 805 277 851 natam
297 798 451 851 veritatem
470 798 712 863 conditionatum,
733 797 765 849 ia
785 796 849 849 sais
867 796 974 862 carraria,
996 798 1137 850 nimirum
1158 797 1188 849 in
1202 797 1356 851 voluntate

175 884 276 930 ereata
295 881 324 930 et
343 877 373 929 in
393 877 494 929 divino
514 877 640 930 decreto.

233 956 382 1010 Uneexr:
403 956 606 1010 Deterrninata
627 956 735 1009 veritas
755 956 897 1023 supponit
915 956 1145 1010 determinatum
1160 972 1235 1023 esse,
1251 956 1357 1011 veritas

175 1037 258 1090 enirn
276 1040 320 1090 est
339 1037 501 1105 proprietas
514 1036 609 1090 entis:
623 1036 676 1089 sed
690 1035 811 1088 illorum
824 1036 1025 1089 conditionate
1038 1040 1208 1090 tatarorum
1223 1052 1357 1091 essenon

177 1121 223 1169 cst
241 1117 486 1169 determinatum:
506 1131 577 1185 crgo
596 1131 651 1168 nec
670 1116 761 1168 etiam
775 1115 970 1169 determinata
984 1122 1028 1170 cst
1041 1132 1142 1169 corum
1157 1118 1276 1171 veritas
1292 1118 1358 1170 Pro-

176 1196 264 1249 batur
282 1196 393 1249 Miaor:
413 1196 533 1248 illorum
552 1210 617 1248 csse
636 1210 695 1247 non
714 1204 760 1248 est
779 1193 1018 1262 determinatum,
1039 1212 1106 1263 qure
1133 1211 1289 1265 nunquam
1309 1197 1356 1249 lra-

176 1275 275 1329 bitura
293 1284 364 1329 sunt
383 1276 609 1329 determinatam
628 1274 829 1339 existentiam,
850 1275 902 1328 sed
930 1281 1018 1328 erunt
1046 1290 1125 1328 merc
1152 1276 1308 1344 possibilia
1326 1284 1355 1329 et

176 1370 285 1423 purum
305 1355 397 1407 nihil:
418 1356 501 1422 atqui
515 1354 586 1407 talia
599 1360 670 1407 sant
683 1353 893 1422 utplurimum
906 1356 1006 1407 lutura
1019 1355 1235 1421 conditionata,
1257 1370 1357 1409 corum

175 1436 256 1488 enirn
283 1436 411 1503 plurima
429 1450 577 1502 nusquam
605 1436 745 1502 existent,
765 1449 847 1502 erge,
869 1444 924 1488 ete.
946 1464 981 1471 —
1001 1438 1167 1502 Distinguo
1192 1439 1357 1488 minorem:

176 1512 301 1567 Illorum
320 1529 384 1567 csse
403 1530 462 1567 non
482 1520 526 1568 cst
545 1515 776 1568 determinatum
795 1514 946 1567 absolute:
973 1514 1118 1567 corrcedo:
1145 1514 1356 1577 conditionate,

177 1609 269 1662 nego:
290 1610 345 1647 nec
363 1595 471 1647 exinde
489 1595 625 1663 sequitur
644 1594 696 1645 illa
715 1610 779 1647 esse
799 1609 907 1661 purum
927 1594 1013 1659 niltil,
1030 1594 1140 1647 lrabeat
1158 1595 1239 1647 enim
1254 1610 1357 1648 verum

176 1690 242 1727 esse
261 1673 339 1727 reale
358 1675 537 1740 objectivum
558 1676 588 1727 in
609 1678 707 1727 mente
726 1674 838 1738 divina,
860 1690 896 1725 ex
917 1674 1130 1741 praesupposito
1149 1674 1268 1727 decreto
1288 1690 1355 1727 eon·

174 1754 330 1817 ditionum,
352 1754 389 1807 de
407 1754 607 1807 conditionata
626 1768 728 1808 eorum
747 1754 938 1819 lutat-itione,
961 1753 1039 1806 unde
1061 1754 1139 1806 sicut
1158 1753 1295 1807 absolute
1314 1758 1357 1807 tu·

177 1840 243 1887 tura
273 1834 381 1887 habent
400 1834 569 1887 absolutum
589 1850 654 1888 esse
680 1840 921 1901 repraesentatum
950 1834 980 1884 in
1011 1833 1147 1886 llsscntia
1166 1833 1287 1901 divina3
1317 1835 1357 1887 ita

177 1915 287 1983 pariter
306 1916 406 1967 l'urnra
437 1915 637 1968 conditionata
658 1914 767 1966 habent
787 1928 851 1965 csse
870 1913 1106 1965 conditionatum
1128 1913 1158 1964 in
1177 1913 1281 1965 cadem
1307 1914 1357 1965 Es-

173 1996 273 2047 sentia
291 1994 394 2046 divina
413 1998 655 2061 repraesentatum
675 1993 785 2045 virtute
804 1993 913 2045 decreti
935 1993 1138 2046 conditionati.

230 2073 382 2126 lxsrxx'r:
403 2074 435 2126 Si
453 2076 554 2127 littura
573 2073 774 2125 conditionata
794 2073 934 2125 haberent
948 2073 1173 2126 determinatam
1187 2074 1354 2139 veritatem,

174 2164 276 2207 essent
294 2166 411 2207 teterrne
430 2159 460 2206 et
478 2157 628 2220 perpetuae
646 2152 795 2205 veritatis:
810 2152 860 2204 scd
877 2153 931 2205 lroc
949 2152 1007 2204 dici
1023 2154 1143 2219 nequit:
1164 2167 1245 2221 erge,
1261 2160 1357 2206 etc.-

177 2232 279 2286 alara·
298 2240 394 2301 patet:
416 2249 484 2285 nam
505 2233 570 2284 idco
589 2232 802 2300 propositiones
822 2240 893 2284 sunt
911 2244 1028 2285 aeterna*
1048 2232 1192 2295 veritatis,
1207 2232 1280 2299 quie
1298 2236 1355 2285 lor-

179 2320 299 2366 mantnt·
318 2314 354 2365 de
373 2313 492 2365 cntilrus
511 2312 705 2364 determinate
724 2312 812 2379 veris,
839 2312 926 2364 etiam
951 2320 1098 2379 quatenus
1121 2312 1299 2365 abstrahunt
1319 2313 1357 2365 ab

177 2393 259 2445 omni
280 2392 452 2451 existentia:
473 2391 525 2444 sed
545 2391 618 2445 tales
634 2401 733 2445 essent
746 2392 959 2459 propositiones
973 2393 1009 2445 do
1023 2392 1221 2444 conditionate.
1235 2392 1354 2459 tuturis,

176 2472 204 2526 si
223 2472 448 2525 determinatam
470 2471 611 2523 lrabcrent
631 2472 795 2537 acritatem,
816 2486 896 2539 ergo,
917 2479 972 2524 etc.
995 2500 1030 2508 —
1048 2473 1215 2537 Distinguo
1234 2480 1355 2524 antece-

179 2554 270 2605 dene:
290 2552 398 2604 Essent
416 2558 532 2604 aeterna
552 2551 684 2604 veritatis
704 2551 971 2618 pernecessariam
992 2550 1153 2605 illationem
1173 2566 1355 2619 consequen·

181 2633 218 2685 tis
237 2633 274 2683 ab
293 2631 502 2696 antecedente,
524 2631 625 2698 qualia
643 2642 714 2684 sunt
732 2634 832 2683 lutura
845 2630 990 2691 absoluta,
1006 2647 1072 2699 quae
1088 2632 1239 2684 nabebunt
1252 2646 1355 2686 verum

175 2727 251 2778 esse,
274 2713 385 2765 ratione
404 2712 609 2780 prasrrppesiti
629 2711 756 2765 absoluti
776 2711 896 2776 decreti,
918 2726 1008 2780 nego:
1028 2723 1127 2764 essent
1145 2718 1261 2764 reterrrae
1282 2711 1356 2766 veri·

179 2793 247 2846 tatis
267 2792 468 2846 conditionate
487 2801 517 2846 et
536 2793 648 2845 ratione
667 2791 937 2860 provisionisque
956 2796 1038 2844 licus
1053 2792 1132 2844 ridet
1151 2791 1204 2843 illa
1222 2791 1260 2844 de
1278 2793 1355 2846 t'aeto

177 2887 242 2924 esse
261 2875 361 2926 lutura
379 2873 425 2924 rel
447 2887 506 2925 non
525 2874 636 2938 littura,
657 2875 775 2939 propter
793 2871 907 2923 scilieet
920 2872 1095 2938 ponendam,
1112 2870 1158 2923 rel
1173 2885 1232 2923 non
1246 2887 1356 2939 ponen-

177 2951 246 3003 dam
265 2952 474 3017 conditionem,
495 2952 638 3004 concedo:
661 2966 715 3004 nec
734 2951 789 3003 hoc
808 2950 901 3002 ullam
921 2950 1135 3018 implicantiam
1158 2950 1293 3004 im'olrit.

217 3031 348 3084 Urntax'r
368 3046 505 3084 tannen:
525 3032 557 3084 Si
585 3030 797 3099 propositiones
821 3030 858 3082 dc
886 3032 993 3083 lutaris
1022 3030 1232 3094 conditionate,
1253 3039 1353 3085 essent

177 3110 371 3164 determinate
392 3126 477 3176 rora,
498 3121 597 3164 essent
615 3112 724 3178 pariter
752 3110 918 3163 necessario
937 3125 1029 3163 rene:
1054 3110 1105 3162 scd
1134 3110 1242 3162 laisum
1261 3127 1356 3164 corrae-

177 3207 287 3259 qaens:
307 3206 377 3260 ergo
395 3195 425 3244 et
442 3192 621 3244 rrrttcccdcaa.
642 3190 787 3243 Probatur
804 3192 918 3257 stoacio
939 3189 1077 3257 trapetis:
1098 3189 1250 3243 l'articula
1275 3191 1355 3244 enim

177 3271 379 3325 conditionata
398 3271 456 3340 (Sil
476 3270 522 3323 rel
535 3271 685 3339 significat
698 3271 893 3322 necessariam
912 3271 1125 3324 connexionem
1145 3272 1355 3338 consequentis

176 3367 246 3406 cum
266 3353 469 3418 antecedente,
490 3351 538 3404 vcl
558 3367 634 3404 non:
654 3350 837 3418 simiarum,
860 3350 911 3402 illa
930 3351 1089 3419 propositio
1115 3355 1159 3403 est
1188 3351 1355 3404 necessario

178 3449 263 3486 vera:
284 3434 308 3486 si
328 3433 503 3499 secundum,
524 3440 697 3500 sequeretur
716 3431 778 3483 clari
799 3431 977 3484 antecedens
998 3446 1100 3484 rerum
1120 3437 1149 3483 et
1168 3446 1355 3499 consequens

178 3514 302 3581 laisum,
322 3515 454 3582 adeoque
473 3513 569 3566 omnis
589 3511 747 3580 propositio
776 3511 984 3564 cemlitionalis
1009 3520 1088 3565 esset
1115 3511 1199 3576 laisa,
1221 3513 1293 3578 qnia
1312 3513 1355 3564 in·

178 3597 267 3647 l'erret
285 3608 470 3660 consequens
488 3609 525 3646 ex
544 3592 738 3646 antecedente
758 3592 889 3661 legitime
903 3608 1040 3661 sequens,
1055 3609 1123 3646 crura
1144 3599 1242 3646 tamen
1262 3594 1305 3646 sie
1319 3608 1355 3646 cx

177 3689 213 3726 eo
232 3689 292 3725 nen
310 3679 492 3740 sequerctur.
513 3673 598 3726 l'atct
616 3674 706 3725 etiarn
727 3671 841 3732 rrrirrm·‚·
860 3673 1074 3740 propositiones
1093 3673 1172 3725 enim
1192 3672 1229 3725 de
1255 3673 1356 3725 condi-

178 3752 290 3805 tionate
307 3752 415 3804 tuturis
434 3767 493 3804 non
512 3760 583 3804 sunt
602 3752 767 3805 necessario
788 3766 875 3816 rene,
897 3752 949 3804 sed
968 3755 1186 3821 contingentes,
1208 3753 1281 3820 quia
1310 3768 1355 3804 res

178 3832 386 3900 contingenter
404 3833 518 3884 l'uturas
546 3833 714 3885 enuntiant.
735 3861 772 3869 -
790 3835 957 3899 Distinguo
983 3837 1144 3899 majorem:
1175 3832 1282 3885 Essent
1306 3848 1356 3886 ne·

179 3912 306 3964 cessario
319 3925 395 3963 verre
410 3911 522 3964 ratione
535 3911 707 3964 necessariae
723 3911 864 3965 illationis
878 3912 1086 3980 consequentis
1100 3913 1137 3964 ab
1149 3911 1354 3980 antecedente,

178 3992 206 4046 si
223 3991 369 4060 particula
382 3990 590 4044 conditionalis
603 3991 661 4060 (xi)
674 4000 811 4046 sarnatur
824 3992 939 4046 illatire
951 4000 980 4046 et
994 3993 1143 4061 significet
1158 3993 1356 4046 necessariam

177 4072 393 4125 connexionem
412 4072 620 4138 consequentis
639 4086 708 4124 cum
727 4073 931 4138 antecedente,
946 4073 1090 4126 concedo:
1106 4074 1130 4124 si
1144 4080 1279 4126 sumatur
1294 4079 1356 4127 tan·

178 4161 241 4206 turn
261 4153 470 4218 conditionate,
492 4151 538 4205 vel
559 4152 741 4220 promissive,
763 4168 856 4221 nego:
872 4153 972 4220 itaque
986 4153 1131 4220 particula
1145 4152 1357 4206 conditionalis

179 4231 238 4301 (xil
257 4232 403 4300 triplicem
422 4233 530 4286 habere
548 4237 648 4300 potest
666 4232 931 4301 significationem:
953 4238 1047 4300 potest
1059 4233 1138 4285 cnim
1151 4233 1240 4285 sumi:
1262 4233 1357 4301 primo

178 4313 303 4378 llleticc,
323 4313 442 4380 quando
461 4327 646 4380 consequens
665 4313 738 4365 dicit
756 4314 953 4366 necessariam
974 4313 1187 4365 connexionem
1217 4327 1285 4364 eum
1305 4329 1357 4366 an-

178 4393 332 4447 tecedente
350 4408 379 4445 v.
399 4409 429 4460 g.
450 4391 483 4445 si
495 4394 599 4444 Petras
612 4392 714 4454 carrel,
731 4394 870 4444 raoccwr:
884 4392 1014 4446 secundo
1029 4391 1212 4454 ammam-e,
1234 4393 1356 4460 quando

176 4487 363 4540 consequens
383 4472 470 4528 lrabct
488 4473 703 4526 connexionem
732 4487 803 4526 cum
832 4472 1027 4526 antecedente
1056 4473 1169 4526 ratione
1191 4471 1357 4526 voluntatis

178 4553 376 4623 promittentis
389 4568 417 4606 r.
431 4569 462 4623 g.
476 4554 509 4606 xe·
523 4552 632 4614 caera,
646 4553 720 4606 dabo
736 4551 789 4606 tter·
801 4567 937 4606 corenam
953 4552 1027 4606 rrae:
1042 4553 1128 4606 tertio
1141 4552 1269 4606 sumitur
1284 4553 1357 4605 Coa-

178 4633 328 4698 dr'tr'onate,
348 4633 468 4702 quando
486 4647 589 4688 revera
606 4633 728 4702 ponitur
745 4647 932 4702 certaequens
951 4647 1020 4686 cum
1033 4631 1237 4699 antecedente,
1252 4645 1358 4700 quem-
