<?xml version="1.0" encoding="UTF-8"?>
<!DOCTYPE html PUBLIC "-//W3C//DTD XHTML 1.0 Transitional//EN"
    "http://www.w3.org/TR/xhtml1/DTD/xhtml1-transitional.dtd">
<html xmlns="http://www.w3.org/1999/xhtml" xml:lang="en" lang="en">
 <head>
  <title>
</title>
<meta http-equiv="Content-Type" content="text/html;charset=utf-8" />
  <meta name='ocr-system' content='tesseract 3.04.00' />
  <meta name='ocr-capabilities' content='ocr_page ocr_carea ocr_par ocr_line ocrx_word'/>
</head>
<body>
  <div class='ocr_page' id='page_1' title='image "./scotusacademicu00frasgoog_0197.png"; bbox 0 0 3067 5400; ppageno 0'>
   <div class='ocr_carea' id='block_1_1' title="bbox 517 587 1316 658">
    <p class='ocr_par' dir='ltr' id='par_1_1' title="bbox 517 587 1316 658">
     <span class='ocr_line' id='line_1_1' title="bbox 517 587 1316 658; baseline -0.003 -2"><span class='ocrx_word' id='word_1_1' title='bbox 517 607 561 657; x_wconf 83' lang='lat' dir='ltr'>aa</span> <span class='ocrx_word' id='word_1_2' title='bbox 585 608 841 658; x_wconf 82' lang='lat' dir='ltr'>ursaarcoanm</span> <span class='ocrx_word' id='word_1_3' title='bbox 865 607 935 655; x_wconf 83' lang='lat' dir='ltr'>oar.</span> <span class='ocrx_word' id='word_1_4' title='bbox 1249 587 1316 655; x_wconf 80' lang='lat'>195</span> 
     </span>
    </p>
   </div>
   <div class='ocr_carea' id='block_1_2' title="bbox 135 728 1315 1518">
    <p class='ocr_par' dir='ltr' id='par_1_2' title="bbox 135 728 1315 1518">
     <span class='ocr_line' id='line_1_2' title="bbox 136 728 1312 802; baseline -0.005 -15"><span class='ocrx_word' id='word_1_5' title='bbox 136 732 193 787; x_wconf 85' lang='lat' dir='ltr'>teri</span> <span class='ocrx_word' id='word_1_6' title='bbox 212 734 363 798; x_wconf 76' lang='lat' dir='ltr'><strong>tamquam</strong></span> <span class='ocrx_word' id='word_1_7' title='bbox 383 733 558 786; x_wconf 69' lang='lat' dir='ltr'>secandam</span> <span class='ocrx_word' id='word_1_8' title='bbox 577 731 723 802; x_wconf 85' lang='lat' dir='ltr'>principio</span> <span class='ocrx_word' id='word_1_9' title='bbox 742 729 846 798; x_wconf 89' lang='lat' dir='ltr'>quales</span> <span class='ocrx_word' id='word_1_10' title='bbox 865 734 936 784; x_wconf 88' lang='lat' dir='ltr'>sunt</span> <span class='ocrx_word' id='word_1_11' title='bbox 950 734 1101 797; x_wconf 86' lang='lat' dir='ltr'>parentes:</span> <span class='ocrx_word' id='word_1_12' title='bbox 1125 728 1312 782; x_wconf 69' lang='lat' dir='ltr'>Obseruantia</span> 
     </span>
     <span class='ocr_line' id='line_1_3' title="bbox 137 809 1313 879; baseline -0.003 -14"><span class='ocrx_word' id='word_1_13' title='bbox 137 812 225 879; x_wconf 85' lang='lat' dir='ltr'>cujus</span> <span class='ocrx_word' id='word_1_14' title='bbox 244 815 342 879; x_wconf 85' lang='lat' dir='ltr'>partes</span> <span class='ocrx_word' id='word_1_15' title='bbox 361 816 433 864; x_wconf 85' lang='lat' dir='ltr'>sunt</span> <span class='ocrx_word' id='word_1_16' title='bbox 461 812 552 866; x_wconf 87' lang='lat' dir='ltr'>Dulia</span> <span class='ocrx_word' id='word_1_17' title='bbox 571 818 601 866; x_wconf 90' lang='lat' dir='ltr'>et</span> <span class='ocrx_word' id='word_1_18' title='bbox 620 810 804 877; x_wconf 83' lang='lat' dir='ltr'>Obedientia,</span> <span class='ocrx_word' id='word_1_19' title='bbox 835 809 961 863; x_wconf 86' lang='lat' dir='ltr'>inclinat</span> <span class='ocrx_word' id='word_1_20' title='bbox 985 810 1022 862; x_wconf 91' lang='lat' dir='ltr'>ad</span> <span class='ocrx_word' id='word_1_21' title='bbox 1041 809 1243 863; x_wconf 89' lang='lat' dir='ltr'>exhibendum</span> <span class='ocrx_word' id='word_1_22' title='bbox 1263 810 1313 861; x_wconf 94' lang='lat' dir='ltr'>ho-</span> 
     </span>
     <span class='ocr_line' id='line_1_4' title="bbox 137 890 1310 959; baseline -0.003 -14"><span class='ocrx_word' id='word_1_23' title='bbox 137 908 239 945; x_wconf 80' lang='lat' dir='ltr'>norem</span> <span class='ocrx_word' id='word_1_24' title='bbox 259 896 288 944; x_wconf 89' lang='lat' dir='ltr'>et</span> <span class='ocrx_word' id='word_1_25' title='bbox 307 892 481 959; x_wconf 86' lang='lat' dir='ltr'>obsequium</span> <span class='ocrx_word' id='word_1_26' title='bbox 496 894 580 948; x_wconf 89' lang='lat' dir='ltr'>alteri</span> <span class='ocrx_word' id='word_1_27' title='bbox 595 893 707 945; x_wconf 86' lang='lat' dir='ltr'>rationo</span> <span class='ocrx_word' id='word_1_28' title='bbox 720 890 876 959; x_wconf 80' lang='lat' dir='ltr'>dignitatis</span> <span class='ocrx_word' id='word_1_29' title='bbox 889 896 919 944; x_wconf 89' lang='lat' dir='ltr'>et</span> <span class='ocrx_word' id='word_1_30' title='bbox 931 890 1109 943; x_wconf 76' lang='lat' dir='ltr'>eminentiae</span> <span class='ocrx_word' id='word_1_31' title='bbox 1129 905 1218 957; x_wconf 90' lang='lat' dir='ltr'>supra</span> <span class='ocrx_word' id='word_1_32' title='bbox 1231 904 1310 953; x_wconf 79' lang='lat' dir='ltr'>eum,</span> 
     </span>
     <span class='ocr_line' id='line_1_5' title="bbox 136 970 1314 1041; baseline -0.002 -17"><span class='ocrx_word' id='word_1_33' title='bbox 136 973 189 1039; x_wconf 92' lang='lat' dir='ltr'>qui</span> <span class='ocrx_word' id='word_1_34' title='bbox 204 973 344 1024; x_wconf 88' lang='lat' dir='ltr'>honorem</span> <span class='ocrx_word' id='word_1_35' title='bbox 357 978 387 1024; x_wconf 90' lang='lat' dir='ltr'>et</span> <span class='ocrx_word' id='word_1_36' title='bbox 399 973 574 1041; x_wconf 81' lang='lat' dir='ltr'>obsequium</span> <span class='ocrx_word' id='word_1_37' title='bbox 594 973 728 1027; x_wconf 84' lang='lat' dir='ltr'>exhibet:</span> <span class='ocrx_word' id='word_1_38' title='bbox 751 970 909 1023; x_wconf 83' lang='lat' dir='ltr'>Gratitmto</span> <span class='ocrx_word' id='word_1_39' title='bbox 927 971 1056 1038; x_wconf 90' lang='lat' dir='ltr'>denique</span> <span class='ocrx_word' id='word_1_40' title='bbox 1074 970 1112 1023; x_wconf 86' lang='lat' dir='ltr'>ad</span> <span class='ocrx_word' id='word_1_41' title='bbox 1133 970 1314 1023; x_wconf 80' lang='lat' dir='ltr'>referendam</span> 
     </span>
     <span class='ocr_line' id='line_1_6' title="bbox 135 1048 1313 1120; baseline 0.001 -18"><span class='ocrx_word' id='word_1_42' title='bbox 135 1051 263 1119; x_wconf 82' lang='lat' dir='ltr'>gratiam</span> <span class='ocrx_word' id='word_1_43' title='bbox 283 1065 335 1118; x_wconf 86' lang='lat' dir='ltr'>pro</span> <span class='ocrx_word' id='word_1_44' title='bbox 355 1053 506 1105; x_wconf 85' lang='lat' dir='ltr'>benefieiis</span> <span class='ocrx_word' id='word_1_45' title='bbox 525 1052 654 1120; x_wconf 87' lang='lat' dir='ltr'>acceptis</span> <span class='ocrx_word' id='word_1_46' title='bbox 673 1052 709 1103; x_wconf 88' lang='lat' dir='ltr'>ab</span> <span class='ocrx_word' id='word_1_47' title='bbox 728 1048 860 1104; x_wconf 83' lang='lat' dir='ltr'>alioSed</span> <span class='ocrx_word' id='word_1_48' title='bbox 878 1050 961 1103; x_wconf 88' lang='lat' dir='ltr'>Deus</span> <span class='ocrx_word' id='word_1_49' title='bbox 980 1049 1119 1103; x_wconf 89' lang='lat' dir='ltr'>inclinari</span> <span class='ocrx_word' id='word_1_50' title='bbox 1138 1065 1196 1103; x_wconf 91' lang='lat' dir='ltr'>non</span> <span class='ocrx_word' id='word_1_51' title='bbox 1218 1054 1313 1118; x_wconf 83' lang='lat' dir='ltr'>potest</span> 
     </span>
     <span class='ocr_line' id='line_1_7' title="bbox 135 1129 1310 1200; baseline -0.002 -17"><span class='ocrx_word' id='word_1_52' title='bbox 135 1130 175 1183; x_wconf 85' lang='lat' dir='ltr'>ad</span> <span class='ocrx_word' id='word_1_53' title='bbox 196 1131 324 1184; x_wconf 84' lang='lat' dir='ltr'>altarum</span> <span class='ocrx_word' id='word_1_54' title='bbox 353 1138 504 1199; x_wconf 91' lang='lat' dir='ltr'>tamquam</span> <span class='ocrx_word' id='word_1_55' title='bbox 533 1132 571 1185; x_wconf 88' lang='lat' dir='ltr'>ad</span> <span class='ocrx_word' id='word_1_56' title='bbox 599 1131 772 1200; x_wconf 89' lang='lat' dir='ltr'>primarium</span> <span class='ocrx_word' id='word_1_57' title='bbox 804 1136 857 1185; x_wconf 90' lang='lat' dir='ltr'>aut</span> <span class='ocrx_word' id='word_1_58' title='bbox 881 1129 1090 1183; x_wconf 88' lang='lat' dir='ltr'>secundarium</span> <span class='ocrx_word' id='word_1_59' title='bbox 1120 1130 1310 1198; x_wconf 88' lang='lat' dir='ltr'>principium,</span> 
     </span>
     <span class='ocr_line' id='line_1_8' title="bbox 137 1210 1314 1281; baseline -0.001 -18"><span class='ocrx_word' id='word_1_60' title='bbox 137 1224 236 1279; x_wconf 86' lang='lat' dir='ltr'>neque</span> <span class='ocrx_word' id='word_1_61' title='bbox 255 1215 406 1278; x_wconf 87' lang='lat' dir='ltr'>tamquam</span> <span class='ocrx_word' id='word_1_62' title='bbox 426 1211 463 1264; x_wconf 91' lang='lat' dir='ltr'>ad</span> <span class='ocrx_word' id='word_1_63' title='bbox 483 1212 663 1281; x_wconf 86' lang='lat' dir='ltr'>superiorem</span> <span class='ocrx_word' id='word_1_64' title='bbox 683 1211 915 1275; x_wconf 66' lang='lat' dir='ltr'>benefactorem</span> <span class='ocrx_word' id='word_1_65' title='bbox 937 1210 1012 1263; x_wconf 91' lang='lat' dir='ltr'>illud</span> <span class='ocrx_word' id='word_1_66' title='bbox 1031 1211 1111 1264; x_wconf 90' lang='lat' dir='ltr'>euim</span> <span class='ocrx_word' id='word_1_67' title='bbox 1130 1210 1241 1264; x_wconf 85' lang='lat' dir='ltr'>directe</span> <span class='ocrx_word' id='word_1_68' title='bbox 1262 1210 1314 1262; x_wconf 93' lang='lat' dir='ltr'>mi-</span> 
     </span>
     <span class='ocr_line' id='line_1_9' title="bbox 137 1290 1315 1360; baseline 0.001 -19"><span class='ocrx_word' id='word_1_69' title='bbox 137 1290 204 1343; x_wconf 88' lang='lat' dir='ltr'>litat</span> <span class='ocrx_word' id='word_1_70' title='bbox 223 1291 253 1343; x_wconf 90' lang='lat' dir='ltr'>in</span> <span class='ocrx_word' id='word_1_71' title='bbox 275 1290 418 1344; x_wconf 86' lang='lat' dir='ltr'>rationem</span> <span class='ocrx_word' id='word_1_72' title='bbox 436 1293 567 1360; x_wconf 84' lang='lat' dir='ltr'>supremi</span> <span class='ocrx_word' id='word_1_73' title='bbox 586 1292 701 1345; x_wconf 86' lang='lat' dir='ltr'>entiset</span> <span class='ocrx_word' id='word_1_74' title='bbox 714 1291 836 1344; x_wconf 90' lang='lat' dir='ltr'>onmino</span> <span class='ocrx_word' id='word_1_75' title='bbox 848 1290 1092 1359; x_wconf 88' lang='lat' dir='ltr'>independentis:</span> <span class='ocrx_word' id='word_1_76' title='bbox 1113 1305 1183 1359; x_wconf 77' lang='lat' dir='ltr'>ergo</span> <span class='ocrx_word' id='word_1_77' title='bbox 1197 1290 1242 1343; x_wconf 77' lang='lat' dir='ltr'>ha</span> <span class='ocrx_word' id='word_1_78' title='bbox 1256 1290 1315 1342; x_wconf 82' lang='lat' dir='ltr'>vir·</span> 
     </span>
     <span class='ocr_line' id='line_1_10' title="bbox 138 1369 1315 1439; baseline 0.002 -17"><span class='ocrx_word' id='word_1_79' title='bbox 138 1369 210 1423; x_wconf 85' lang='lat' dir='ltr'>tutis</span> <span class='ocrx_word' id='word_1_80' title='bbox 224 1369 350 1437; x_wconf 77' lang='lat' dir='ltr'>justitia·</span> <span class='ocrx_word' id='word_1_81' title='bbox 369 1371 547 1438; x_wconf 80' lang='lat' dir='ltr'>appendices</span> <span class='ocrx_word' id='word_1_82' title='bbox 566 1378 596 1425; x_wconf 90' lang='lat' dir='ltr'>et</span> <span class='ocrx_word' id='word_1_83' title='bbox 614 1370 790 1439; x_wconf 84' lang='lat' dir='ltr'>potentiales</span> <span class='ocrx_word' id='word_1_84' title='bbox 809 1371 922 1439; x_wconf 88' lang='lat' dir='ltr'>speeies</span> <span class='ocrx_word' id='word_1_85' title='bbox 950 1370 981 1422; x_wconf 91' lang='lat' dir='ltr'>in</span> <span class='ocrx_word' id='word_1_86' title='bbox 1000 1369 1063 1423; x_wconf 89' lang='lat' dir='ltr'>Deo</span> <span class='ocrx_word' id='word_1_87' title='bbox 1086 1370 1247 1423; x_wconf 88' lang='lat' dir='ltr'>lorrnaliter</span> <span class='ocrx_word' id='word_1_88' title='bbox 1272 1384 1315 1424; x_wconf 84' lang='lat' dir='ltr'>re·</span> 
     </span>
     <span class='ocr_line' id='line_1_11' title="bbox 137 1449 408 1518; baseline 0.004 -16"><span class='ocrx_word' id='word_1_89' title='bbox 137 1449 227 1517; x_wconf 87' lang='lat' dir='ltr'>periri</span> <span class='ocrx_word' id='word_1_90' title='bbox 247 1456 408 1518; x_wconf 88' lang='lat' dir='ltr'>nequeunt.</span> 
     </span>
    </p>
   </div>
   <div class='ocr_carea' id='block_1_3' title="bbox 251 1600 1189 1778">
    <p class='ocr_par' dir='ltr' id='par_1_3' title="bbox 251 1600 1189 1778">
     <span class='ocr_line' id='line_1_12' title="bbox 518 1600 948 1677; baseline -0.023 0"><span class='ocrx_word' id='word_1_91' title='bbox 518 1600 739 1677; x_wconf 81' lang='lat' dir='ltr'><strong>QUAESTIO</strong></span> <span class='ocrx_word' id='word_1_92' title='bbox 765 1600 948 1668; x_wconf 81' lang='lat' dir='ltr'>&#39;sERTlA.</span> 
     </span>
     <span class='ocr_line' id='line_1_13' title="bbox 251 1714 1189 1778; baseline 0.001 -10"><span class='ocrx_word' id='word_1_93' title='bbox 251 1714 304 1768; x_wconf 82' lang='lat' dir='ltr'>aa</span> <span class='ocrx_word' id='word_1_94' title='bbox 325 1715 377 1769; x_wconf 82' lang='lat' dir='ltr'>ar</span> <span class='ocrx_word' id='word_1_95' title='bbox 397 1714 638 1778; x_wconf 78' lang='lat' dir='ltr'>ouorurnux</span> <span class='ocrx_word' id='word_1_96' title='bbox 659 1714 940 1769; x_wconf 81' lang='lat' dir='ltr'>ensmuconnm</span> <span class='ocrx_word' id='word_1_97' title='bbox 960 1714 1022 1769; x_wconf 81' lang='lat' dir='ltr'>sm</span> <span class='ocrx_word' id='word_1_98' title='bbox 1041 1715 1082 1769; x_wconf 87' lang='lat' dir='ltr'>m</span> <span class='ocrx_word' id='word_1_99' title='bbox 1102 1715 1189 1768; x_wconf 70' lang='lat' dir='ltr'>nnc).</span> 
     </span>
    </p>
   </div>
   <div class='ocr_carea' id='block_1_4' title="bbox 134 1848 1316 4710">
    <p class='ocr_par' dir='ltr' id='par_1_4' title="bbox 134 1848 1316 3498">
     <span class='ocr_line' id='line_1_14' title="bbox 193 1848 1313 1918; baseline -0.001 -16"><span class='ocrx_word' id='word_1_100' title='bbox 193 1848 374 1903; x_wconf 75' lang='lat' dir='ltr'>Norasncn</span> <span class='ocrx_word' id='word_1_101' title='bbox 395 1850 420 1902; x_wconf 90' lang='lat'>1.</span> <span class='ocrx_word' id='word_1_102' title='bbox 443 1848 673 1903; x_wconf 86' lang='lat' dir='ltr'>Misericordiam</span> <span class='ocrx_word' id='word_1_103' title='bbox 688 1849 778 1918; x_wconf 77' lang='lat' dir='ltr'>Juxta</span> <span class='ocrx_word' id='word_1_104' title='bbox 803 1849 932 1902; x_wconf 90' lang='lat' dir='ltr'>nominis</span> <span class='ocrx_word' id='word_1_105' title='bbox 953 1848 1163 1917; x_wconf 71' lang='lat' dir='ltr'>etymologiam</span> <span class='ocrx_word' id='word_1_106' title='bbox 1183 1848 1261 1901; x_wconf 88' lang='lat' dir='ltr'>idom</span> <span class='ocrx_word' id='word_1_107' title='bbox 1275 1848 1313 1901; x_wconf 90' lang='lat' dir='ltr'>si-</span> 
     </span>
     <span class='ocr_line' id='line_1_15' title="bbox 134 1928 1314 1998; baseline 0 -18"><span class='ocrx_word' id='word_1_108' title='bbox 134 1929 277 1997; x_wconf 73' lang='lat' dir='ltr'>gnificare</span> <span class='ocrx_word' id='word_1_109' title='bbox 291 1929 370 1996; x_wconf 92' lang='lat' dir='ltr'>quod</span> <span class='ocrx_word' id='word_1_110' title='bbox 384 1928 524 1981; x_wconf 81' lang='lat' dir='ltr'>miseriem</span> <span class='ocrx_word' id='word_1_111' title='bbox 543 1946 600 1996; x_wconf 90' lang='lat' dir='ltr'>cer,</span> <span class='ocrx_word' id='word_1_112' title='bbox 628 1929 668 1981; x_wconf 85' lang='lat' dir='ltr'>ito</span> <span class='ocrx_word' id='word_1_113' title='bbox 688 1930 766 1998; x_wconf 70' lang='lat' dir='ltr'>qairrei</span> <span class='ocrx_word' id='word_1_114' title='bbox 797 1928 958 1981; x_wconf 74' lang='lat' dir='ltr'>misericors</span> <span class='ocrx_word' id='word_1_115' title='bbox 976 1928 1093 1983; x_wconf 88' lang='lat' dir='ltr'>dicatur</span> <span class='ocrx_word' id='word_1_116' title='bbox 1106 1928 1215 1995; x_wconf 90' lang='lat' dir='ltr'>aliquis</span> <span class='ocrx_word' id='word_1_117' title='bbox 1228 1928 1314 1995; x_wconf 88' lang='lat' dir='ltr'>qnasi</span> 
     </span>
     <span class='ocr_line' id='line_1_16' title="bbox 137 2008 1315 2076; baseline 0 -16"><span class='ocrx_word' id='word_1_118' title='bbox 137 2009 246 2061; x_wconf 80' lang='lat' dir='ltr'>hebens</span> <span class='ocrx_word' id='word_1_119' title='bbox 259 2008 399 2061; x_wconf 86' lang='lat' dir='ltr'>enisernrn</span> <span class='ocrx_word' id='word_1_120' title='bbox 414 2023 478 2065; x_wconf 82' lang='lat' dir='ltr'>cor:</span> <span class='ocrx_word' id='word_1_121' title='bbox 496 2010 568 2076; x_wconf 88' lang='lat' dir='ltr'>quia</span> <span class='ocrx_word' id='word_1_122' title='bbox 580 2009 720 2063; x_wconf 82' lang='lat' dir='ltr'>videlieet</span> <span class='ocrx_word' id='word_1_123' title='bbox 732 2009 860 2063; x_wconf 83' lang='lat' dir='ltr'>allicitur</span> <span class='ocrx_word' id='word_1_124' title='bbox 872 2024 908 2062; x_wconf 80' lang='lat' dir='ltr'>ex</span> <span class='ocrx_word' id='word_1_125' title='bbox 929 2009 1047 2061; x_wconf 81' lang='lat' dir='ltr'>nriserla</span> <span class='ocrx_word' id='word_1_126' title='bbox 1059 2009 1181 2061; x_wconf 85' lang='lat' dir='ltr'>alterius</span> <span class='ocrx_word' id='word_1_127' title='bbox 1200 2022 1253 2076; x_wconf 89' lang='lat' dir='ltr'>per</span> <span class='ocrx_word' id='word_1_128' title='bbox 1266 2008 1315 2061; x_wconf 91' lang='lat' dir='ltr'>tri·</span> 
     </span>
     <span class='ocr_line' id='line_1_17' title="bbox 136 2087 1313 2158; baseline -0.001 -16"><span class='ocrx_word' id='word_1_129' title='bbox 136 2088 260 2155; x_wconf 85' lang='lat' dir='ltr'>stitiam,</span> <span class='ocrx_word' id='word_1_130' title='bbox 272 2104 306 2141; x_wconf 89' lang='lat' dir='ltr'>ac</span> <span class='ocrx_word' id='word_1_131' title='bbox 320 2088 344 2141; x_wconf 85' lang='lat' dir='ltr'>si</span> <span class='ocrx_word' id='word_1_132' title='bbox 359 2095 436 2142; x_wconf 85' lang='lat' dir='ltr'>essct</span> <span class='ocrx_word' id='word_1_133' title='bbox 448 2089 513 2155; x_wconf 78' lang='lat' dir='ltr'>qius</span> <span class='ocrx_word' id='word_1_134' title='bbox 528 2091 644 2158; x_wconf 89' lang='lat' dir='ltr'>propria</span> <span class='ocrx_word' id='word_1_135' title='bbox 663 2089 791 2153; x_wconf 85' lang='lat' dir='ltr'>miseria,</span> <span class='ocrx_word' id='word_1_136' title='bbox 812 2096 845 2143; x_wconf 88' lang='lat' dir='ltr'>ut</span> <span class='ocrx_word' id='word_1_137' title='bbox 864 2091 1000 2141; x_wconf 73' lang='lat' dir='ltr'>observat</span> <span class='ocrx_word' id='word_1_138' title='bbox 1019 2088 1127 2141; x_wconf 82' lang='lat' dir='ltr'>lloctor</span> <span class='ocrx_word' id='word_1_139' title='bbox 1141 2087 1170 2140; x_wconf 92' lang='lat' dir='ltr'>iu</span> <span class='ocrx_word' id='word_1_140' title='bbox 1190 2090 1210 2141; x_wconf 90' lang='lat' dir='ltr'>l.</span> <span class='ocrx_word' id='word_1_141' title='bbox 1226 2104 1255 2141; x_wconf 91' lang='lat' dir='ltr'>n.</span> <span class='ocrx_word' id='word_1_142' title='bbox 1268 2087 1313 2141; x_wconf 85' lang='lat' dir='ltr'>lli.</span> 
     </span>
     <span class='ocr_line' id='line_1_18' title="bbox 138 2166 1315 2237; baseline 0.001 -16"><span class='ocrx_word' id='word_1_143' title='bbox 138 2184 168 2236; x_wconf 79' lang='lat' dir='ltr'>q.</span> <span class='ocrx_word' id='word_1_144' title='bbox 189 2167 215 2221; x_wconf 76' lang='grc'>2.</span> <span class='ocrx_word' id='word_1_145' title='bbox 237 2169 266 2220; x_wconf 83' lang='lat' dir='ltr'>ci.</span> <span class='ocrx_word' id='word_1_146' title='bbox 288 2167 314 2220; x_wconf 78' lang='grc'>2.</span> <span class='ocrx_word' id='word_1_147' title='bbox 334 2166 391 2222; x_wconf 79' lang='lat' dir='ltr'>Cui</span> <span class='ocrx_word' id='word_1_148' title='bbox 411 2169 574 2224; x_wconf 85' lang='lat' dir='ltr'>concinunt</span> <span class='ocrx_word' id='word_1_149' title='bbox 592 2171 686 2223; x_wconf 86' lang='lat' dir='ltr'>sancti</span> <span class='ocrx_word' id='word_1_150' title='bbox 701 2169 804 2224; x_wconf 87' lang='lat' dir='ltr'>Patres</span> <span class='ocrx_word' id='word_1_151' title='bbox 823 2174 852 2223; x_wconf 90' lang='lat' dir='ltr'>ct</span> <span class='ocrx_word' id='word_1_152' title='bbox 872 2168 1053 2237; x_wconf 89' lang='lat' dir='ltr'>Philosophi.</span> <span class='ocrx_word' id='word_1_153' title='bbox 1068 2168 1103 2221; x_wconf 91' lang='lat' dir='ltr'>In</span> <span class='ocrx_word' id='word_1_154' title='bbox 1123 2169 1225 2236; x_wconf 87' lang='lat' dir='ltr'>primis</span> <span class='ocrx_word' id='word_1_155' title='bbox 1245 2182 1315 2222; x_wconf 78' lang='lat' dir='ltr'>vero</span> 
     </span>
     <span class='ocr_line' id='line_1_19' title="bbox 142 2246 1315 2318; baseline 0 -17"><span class='ocrx_word' id='word_1_156' title='bbox 142 2246 172 2301; x_wconf 88' lang='lat' dir='ltr'>S.</span> <span class='ocrx_word' id='word_1_157' title='bbox 192 2246 381 2317; x_wconf 81' lang='lat' dir='ltr'>Augustinus</span> <span class='ocrx_word' id='word_1_158' title='bbox 402 2248 452 2301; x_wconf 92' lang='lat' dir='ltr'>lib.</span> <span class='ocrx_word' id='word_1_159' title='bbox 474 2248 500 2301; x_wconf 85' lang='grc'>9.</span> <span class='ocrx_word' id='word_1_160' title='bbox 521 2248 563 2302; x_wconf 85' lang='lat' dir='ltr'>De</span> <span class='ocrx_word' id='word_1_161' title='bbox 580 2248 663 2302; x_wconf 78' lang='lat' dir='ltr'>Cirit.</span> <span class='ocrx_word' id='word_1_162' title='bbox 679 2265 743 2318; x_wconf 86' lang='lat' dir='ltr'>cap.</span> <span class='ocrx_word' id='word_1_163' title='bbox 764 2249 791 2302; x_wconf 80' lang='lat'>5.</span> <span class='ocrx_word' id='word_1_164' title='bbox 810 2248 1019 2309; x_wconf 75' lang='lat' dir='ltr'>Misericordia,</span> <span class='ocrx_word' id='word_1_165' title='bbox 1036 2248 1143 2316; x_wconf 89' lang='lat' dir='ltr'>inquit,</span> <span class='ocrx_word' id='word_1_166' title='bbox 1158 2250 1199 2299; x_wconf 86' lang='lat' dir='ltr'>est</span> <span class='ocrx_word' id='word_1_167' title='bbox 1211 2247 1315 2301; x_wconf 83' lang='lat' dir='ltr'>elienoe</span> 
     </span>
     <span class='ocr_line' id='line_1_20' title="bbox 140 2327 1316 2397; baseline 0.001 -18"><span class='ocrx_word' id='word_1_168' title='bbox 140 2327 266 2381; x_wconf 78' lang='lat' dir='ltr'>miserim</span> <span class='ocrx_word' id='word_1_169' title='bbox 284 2328 316 2379; x_wconf 86' lang='lat' dir='ltr'>in</span> <span class='ocrx_word' id='word_1_170' title='bbox 337 2330 434 2380; x_wconf 89' lang='lat' dir='ltr'>emstro</span> <span class='ocrx_word' id='word_1_171' title='bbox 452 2329 533 2381; x_wconf 81' lang='lat' dir='ltr'>conte</span> <span class='ocrx_word' id='word_1_172' title='bbox 552 2330 722 2396; x_wconf 72' lang='lat' dir='ltr'>rrerrrrpessiei.</span> <span class='ocrx_word' id='word_1_173' title='bbox 743 2346 802 2397; x_wconf 81' lang='lat' dir='ltr'>perer</span> <span class='ocrx_word' id='word_1_174' title='bbox 824 2329 921 2397; x_wconf 82' lang='lat' dir='ltr'>relique</span> <span class='ocrx_word' id='word_1_175' title='bbox 940 2329 967 2381; x_wconf 88' lang='lat' dir='ltr'>si</span> <span class='ocrx_word' id='word_1_176' title='bbox 981 2346 1141 2397; x_wconf 71' lang='lat' dir='ltr'>pressiones</span> <span class='ocrx_word' id='word_1_177' title='bbox 1166 2328 1316 2381; x_wconf 83' lang='lat' dir='ltr'>salrcenire</span> 
     </span>
     <span class='ocr_line' id='line_1_21' title="bbox 140 2406 1314 2477; baseline 0 -17"><span class='ocrx_word' id='word_1_178' title='bbox 140 2407 358 2475; x_wconf 78' lang='lat' dir='ltr'>ceropellimar:</span> <span class='ocrx_word' id='word_1_179' title='bbox 379 2408 459 2461; x_wconf 87' lang='lat' dir='ltr'>unde</span> <span class='ocrx_word' id='word_1_180' title='bbox 478 2406 507 2460; x_wconf 86' lang='lat' dir='ltr'>S.</span> <span class='ocrx_word' id='word_1_181' title='bbox 529 2408 732 2462; x_wconf 76' lang='lat' dir='ltr'>limnaseenus</span> <span class='ocrx_word' id='word_1_182' title='bbox 754 2410 804 2463; x_wconf 89' lang='lat' dir='ltr'>lib.</span> <span class='ocrx_word' id='word_1_183' title='bbox 826 2409 851 2462; x_wconf 79' lang='grc'>2,</span> <span class='ocrx_word' id='word_1_184' title='bbox 872 2408 916 2461; x_wconf 87' lang='lat' dir='ltr'>De</span> <span class='ocrx_word' id='word_1_185' title='bbox 938 2409 1008 2461; x_wconf 80' lang='lat' dir='ltr'>i&#39;iele</span> <span class='ocrx_word' id='word_1_186' title='bbox 1027 2425 1091 2477; x_wconf 87' lang='lat' dir='ltr'>cap.</span> <span class='ocrx_word' id='word_1_187' title='bbox 1113 2410 1139 2461; x_wconf 85' lang='lat' dir='ltr'>l.</span> <span class='ocrx_word' id='word_1_188' title='bbox 1154 2409 1206 2462; x_wconf 89' lang='lat' dir='ltr'>ait:</span> <span class='ocrx_word' id='word_1_189' title='bbox 1228 2408 1314 2461; x_wconf 46' lang='lat' dir='ltr'>illise-</span> 
     </span>
     <span class='ocr_line' id='line_1_22' title="bbox 142 2486 1312 2557; baseline 0.003 -20"><span class='ocrx_word' id='word_1_190' title='bbox 142 2486 266 2539; x_wconf 80' lang='lat' dir='ltr'>ricantia</span> <span class='ocrx_word' id='word_1_191' title='bbox 285 2490 326 2538; x_wconf 89' lang='lat' dir='ltr'>est</span> <span class='ocrx_word' id='word_1_192' title='bbox 346 2487 465 2541; x_wconf 81' lang='lat' dir='ltr'>tristitia</span> <span class='ocrx_word' id='word_1_193' title='bbox 485 2487 514 2539; x_wconf 86' lang='lat' dir='ltr'>in</span> <span class='ocrx_word' id='word_1_194' title='bbox 535 2488 640 2541; x_wconf 79' lang='lat' dir='ltr'>oliemis</span> <span class='ocrx_word' id='word_1_195' title='bbox 660 2489 756 2543; x_wconf 71' lang='lat' dir='ltr'>anelis.</span> <span class='ocrx_word' id='word_1_196' title='bbox 779 2488 892 2552; x_wconf 87' lang='lat' dir='ltr'>Quibus</span> <span class='ocrx_word' id='word_1_197' title='bbox 911 2490 1101 2543; x_wconf 86' lang='lat' dir='ltr'>consentiunt</span> <span class='ocrx_word' id='word_1_198' title='bbox 1119 2488 1312 2557; x_wconf 87' lang='lat' dir='ltr'>Philosophi:</span> 
     </span>
     <span class='ocr_line' id='line_1_23' title="bbox 139 2565 1312 2637; baseline 0 -18"><span class='ocrx_word' id='word_1_199' title='bbox 139 2565 312 2621; x_wconf 82' lang='lat' dir='ltr'>Aristoteles</span> <span class='ocrx_word' id='word_1_200' title='bbox 332 2568 452 2635; x_wconf 88' lang='lat' dir='ltr'>quidem</span> <span class='ocrx_word' id='word_1_201' title='bbox 473 2568 498 2620; x_wconf 90' lang='grc'>2</span> <span class='ocrx_word' id='word_1_202' title='bbox 515 2568 660 2622; x_wconf 86' lang='lat' dir='ltr'>llethorie.</span> <span class='ocrx_word' id='word_1_203' title='bbox 676 2585 740 2637; x_wconf 71' lang='lat' dir='ltr'>capr.</span> <span class='ocrx_word' id='word_1_204' title='bbox 756 2569 782 2622; x_wconf 80' lang='grc'>2.</span> <span class='ocrx_word' id='word_1_205' title='bbox 798 2570 849 2622; x_wconf 89' lang='lat' dir='ltr'>ait:</span> <span class='ocrx_word' id='word_1_206' title='bbox 864 2568 1096 2621; x_wconf 35' lang='lat' dir='ltr'>illiserit-ordiner</span> <span class='ocrx_word' id='word_1_207' title='bbox 1111 2583 1169 2619; x_wconf 85' lang='lat' dir='ltr'>esse</span> <span class='ocrx_word' id='word_1_208' title='bbox 1188 2570 1312 2621; x_wconf 80' lang='lat' dir='ltr'>eloim-em</span> 
     </span>
     <span class='ocr_line' id='line_1_24' title="bbox 138 2647 1314 2718; baseline 0.002 -21"><span class='ocrx_word' id='word_1_209' title='bbox 138 2648 296 2715; x_wconf 83' lang='lat' dir='ltr'>qreenrdnrn</span> <span class='ocrx_word' id='word_1_210' title='bbox 317 2663 354 2700; x_wconf 74' lang='lat' dir='ltr'>ex</span> <span class='ocrx_word' id='word_1_211' title='bbox 372 2650 531 2716; x_wconf 68' lang='lat' dir='ltr'>opprimente</span> <span class='ocrx_word' id='word_1_212' title='bbox 550 2650 628 2702; x_wconf 75' lang='lat' dir='ltr'>erreis</span> <span class='ocrx_word' id='word_1_213' title='bbox 647 2649 820 2718; x_wconf 73' lang='lat' dir='ltr'>corruptile,</span> <span class='ocrx_word' id='word_1_214' title='bbox 841 2666 875 2700; x_wconf 82' lang='lat' dir='ltr'>ee</span> <span class='ocrx_word' id='word_1_215' title='bbox 893 2650 1017 2702; x_wconf 72' lang='lat' dir='ltr'>‹lenae-em</span> <span class='ocrx_word' id='word_1_216' title='bbox 1040 2648 1182 2716; x_wconf 69' lang='lat' dir='ltr'>inserente</span> <span class='ocrx_word' id='word_1_217' title='bbox 1201 2647 1231 2700; x_wconf 89' lang='lat' dir='ltr'>in</span> <span class='ocrx_word' id='word_1_218' title='bbox 1257 2664 1314 2699; x_wconf 81' lang='lat' dir='ltr'>eron</span> 
     </span>
     <span class='ocr_line' id='line_1_25' title="bbox 139 2726 1312 2800; baseline 0.001 -22"><span class='ocrx_word' id='word_1_219' title='bbox 139 2726 263 2795; x_wconf 65' lang='lat' dir='ltr'>eliennm</span> <span class='ocrx_word' id='word_1_220' title='bbox 276 2727 349 2795; x_wconf 77' lang='lat' dir='ltr'>perti,</span> <span class='ocrx_word' id='word_1_221' title='bbox 365 2730 442 2797; x_wconf 79' lang='lat' dir='ltr'>qrroil</span> <span class='ocrx_word' id='word_1_222' title='bbox 455 2728 515 2796; x_wconf 79' lang='lat' dir='ltr'>ipse</span> <span class='ocrx_word' id='word_1_223' title='bbox 526 2729 681 2800; x_wconf 81' lang='lat' dir='ltr'>patrecitse</span> <span class='ocrx_word' id='word_1_224' title='bbox 693 2729 758 2798; x_wconf 80' lang='lat' dir='ltr'>poti</span> <span class='ocrx_word' id='word_1_225' title='bbox 770 2730 856 2782; x_wconf 81' lang='lat' dir='ltr'>ete&#39;em</span> <span class='ocrx_word' id='word_1_226' title='bbox 868 2744 962 2798; x_wconf 80' lang='lat' dir='ltr'>posse,</span> <span class='ocrx_word' id='word_1_227' title='bbox 986 2730 1026 2781; x_wconf 85' lang='lat' dir='ltr'>rel</span> <span class='ocrx_word' id='word_1_228' title='bbox 1038 2746 1161 2781; x_wconf 78' lang='lat' dir='ltr'>suornm</span> <span class='ocrx_word' id='word_1_229' title='bbox 1173 2729 1312 2796; x_wconf 77' lang='lat' dir='ltr'>aliquem,</span> 
     </span>
     <span class='ocr_line' id='line_1_26' title="bbox 140 2807 1314 2876; baseline 0.002 -18"><span class='ocrx_word' id='word_1_230' title='bbox 140 2807 227 2876; x_wconf 81' lang='lat' dir='ltr'>irtqne</span> <span class='ocrx_word' id='word_1_231' title='bbox 244 2807 286 2860; x_wconf 83' lang='lat' dir='ltr'>sic</span> <span class='ocrx_word' id='word_1_232' title='bbox 307 2810 337 2859; x_wconf 87' lang='lat' dir='ltr'>nt</span> <span class='ocrx_word' id='word_1_233' title='bbox 349 2808 552 2876; x_wconf 73' lang='lat' dir='ltr'>propinquam</span> <span class='ocrx_word' id='word_1_234' title='bbox 567 2808 715 2862; x_wconf 79' lang='lat' dir='ltr'>ridentur:</span> <span class='ocrx_word' id='word_1_235' title='bbox 730 2807 875 2862; x_wconf 83' lang='lat' dir='ltr'>eiCicero</span> <span class='ocrx_word' id='word_1_236' title='bbox 894 2810 925 2861; x_wconf 91' lang='lat' dir='ltr'>ln</span> <span class='ocrx_word' id='word_1_237' title='bbox 939 2809 964 2861; x_wconf 78' lang='lat' dir='ltr'>l.</span> <span class='ocrx_word' id='word_1_238' title='bbox 982 2808 1219 2861; x_wconf 86' lang='lat' dir='ltr'>Tusculanarum</span> <span class='ocrx_word' id='word_1_239' title='bbox 1234 2823 1314 2874; x_wconf 80' lang='lat' dir='ltr'>qum·</span> 
     </span>
     <span class='ocr_line' id='line_1_27' title="bbox 138 2887 1315 2956; baseline -0.001 -17"><span class='ocrx_word' id='word_1_240' title='bbox 138 2887 280 2941; x_wconf 89' lang='lat' dir='ltr'>stionum:</span> <span class='ocrx_word' id='word_1_241' title='bbox 302 2887 502 2940; x_wconf 67' lang='lat' dir='ltr'>illiserit-ordin</span> <span class='ocrx_word' id='word_1_242' title='bbox 522 2889 562 2939; x_wconf 83' lang='lat' dir='ltr'>est</span> <span class='ocrx_word' id='word_1_243' title='bbox 580 2888 722 2956; x_wconf 70' lang='lat' dir='ltr'>oeqritnelo</span> <span class='ocrx_word' id='word_1_244' title='bbox 749 2905 787 2941; x_wconf 75' lang='lat' dir='ltr'>ca:</span> <span class='ocrx_word' id='word_1_245' title='bbox 806 2888 924 2942; x_wconf 83' lang='lat' dir='ltr'>tristitia</span> <span class='ocrx_word' id='word_1_246' title='bbox 950 2888 1072 2941; x_wconf 76' lang='lat' dir='ltr'>cellerius</span> <span class='ocrx_word' id='word_1_247' title='bbox 1098 2887 1211 2953; x_wconf 80' lang='lat' dir='ltr'>injur-in</span> <span class='ocrx_word' id='word_1_248' title='bbox 1240 2888 1315 2940; x_wconf 81' lang='lat' dir='ltr'>toiro-</span> 
     </span>
     <span class='ocr_line' id='line_1_28' title="bbox 139 2965 1316 3035; baseline 0 -17"><span class='ocrx_word' id='word_1_249' title='bbox 139 2966 249 3019; x_wconf 81' lang='lat' dir='ltr'>rrmtis:</span> <span class='ocrx_word' id='word_1_250' title='bbox 270 2968 399 3035; x_wconf 88' lang='lat' dir='ltr'>denique</span> <span class='ocrx_word' id='word_1_251' title='bbox 427 2965 540 3021; x_wconf 85' lang='lat' dir='ltr'>Seneca</span> <span class='ocrx_word' id='word_1_252' title='bbox 568 2968 620 3021; x_wconf 93' lang='lat' dir='ltr'>lib.</span> <span class='ocrx_word' id='word_1_253' title='bbox 643 2970 667 3022; x_wconf 94' lang='lat'>1.</span> <span class='ocrx_word' id='word_1_254' title='bbox 699 2967 741 3022; x_wconf 80' lang='lat' dir='ltr'>ne</span> <span class='ocrx_word' id='word_1_255' title='bbox 762 2968 932 3032; x_wconf 84' lang='lat' dir='ltr'>t&#39;ternentia,</span> <span class='ocrx_word' id='word_1_256' title='bbox 961 2969 1019 3021; x_wconf 90' lang='lat' dir='ltr'>ait:</span> <span class='ocrx_word' id='word_1_257' title='bbox 1046 2966 1245 3020; x_wconf 76' lang='lat' dir='ltr'>Misericordia</span> <span class='ocrx_word' id='word_1_258' title='bbox 1274 2970 1316 3020; x_wconf 85' lang='lat' dir='ltr'>cst</span> 
     </span>
     <span class='ocr_line' id='line_1_29' title="bbox 136 3046 1315 3118; baseline 0.001 -19"><span class='ocrx_word' id='word_1_259' title='bbox 136 3046 278 3112; x_wconf 72' lang='lat' dir='ltr'>‹aprilisii›</span> <span class='ocrx_word' id='word_1_260' title='bbox 296 3049 329 3100; x_wconf 85' lang='lat' dir='ltr'>ob</span> <span class='ocrx_word' id='word_1_261' title='bbox 339 3047 503 3100; x_wconf 79' lang='lat' dir='ltr'>alienorum</span> <span class='ocrx_word' id='word_1_262' title='bbox 516 3047 704 3100; x_wconf 83' lang='lat' dir='ltr'>miseriarmn</span> <span class='ocrx_word' id='word_1_263' title='bbox 713 3048 845 3118; x_wconf 73' lang='lat' dir='ltr'>sper-ient.</span> <span class='ocrx_word' id='word_1_264' title='bbox 861 3048 969 3101; x_wconf 79' lang='lat' dir='ltr'>l&#39;erum</span> <span class='ocrx_word' id='word_1_265' title='bbox 982 3049 1026 3100; x_wconf 76' lang='lat' dir='ltr'>hee</span> <span class='ocrx_word' id='word_1_266' title='bbox 1037 3063 1139 3100; x_wconf 87' lang='lat' dir='ltr'>ornnes</span> <span class='ocrx_word' id='word_1_267' title='bbox 1154 3047 1315 3100; x_wconf 88' lang='lat' dir='ltr'>misericor-</span> 
     </span>
     <span class='ocr_line' id='line_1_30' title="bbox 139 3127 1316 3197; baseline 0 -17"><span class='ocrx_word' id='word_1_268' title='bbox 139 3127 196 3180; x_wconf 75' lang='lat' dir='ltr'>diae</span> <span class='ocrx_word' id='word_1_269' title='bbox 217 3127 429 3195; x_wconf 70' lang='lat' dir='ltr'>descriptionis</span> <span class='ocrx_word' id='word_1_270' title='bbox 457 3129 533 3181; x_wconf 85' lang='lat' dir='ltr'>liunt</span> <span class='ocrx_word' id='word_1_271' title='bbox 560 3128 656 3182; x_wconf 88' lang='lat' dir='ltr'>solum</span> <span class='ocrx_word' id='word_1_272' title='bbox 676 3145 728 3197; x_wconf 88' lang='lat' dir='ltr'>per</span> <span class='ocrx_word' id='word_1_273' title='bbox 746 3129 894 3196; x_wconf 80' lang='lat' dir='ltr'>eflectum,</span> <span class='ocrx_word' id='word_1_274' title='bbox 915 3143 1002 3195; x_wconf 89' lang='lat' dir='ltr'>quem</span> <span class='ocrx_word' id='word_1_275' title='bbox 1029 3129 1060 3180; x_wconf 91' lang='lat' dir='ltr'>in</span> <span class='ocrx_word' id='word_1_276' title='bbox 1079 3128 1165 3180; x_wconf 90' lang='lat' dir='ltr'>nobis</span> <span class='ocrx_word' id='word_1_277' title='bbox 1192 3128 1316 3181; x_wconf 69' lang='lat' dir='ltr'>allectus</span> 
     </span>
     <span class='ocr_line' id='line_1_31' title="bbox 139 3207 1314 3277; baseline 0.001 -18"><span class='ocrx_word' id='word_1_278' title='bbox 139 3207 192 3260; x_wconf 89' lang='lat' dir='ltr'>ille</span> <span class='ocrx_word' id='word_1_279' title='bbox 211 3208 290 3260; x_wconf 88' lang='lat' dir='ltr'>eirca</span> <span class='ocrx_word' id='word_1_280' title='bbox 309 3209 476 3276; x_wconf 83' lang='lat' dir='ltr'>proximum</span> <span class='ocrx_word' id='word_1_281' title='bbox 496 3215 619 3277; x_wconf 74' lang='lat' dir='ltr'>generat</span> <span class='ocrx_word' id='word_1_282' title='bbox 637 3225 674 3262; x_wconf 85' lang='lat' dir='ltr'>ex</span> <span class='ocrx_word' id='word_1_283' title='bbox 694 3209 818 3277; x_wconf 73' lang='lat' dir='ltr'>propriae</span> <span class='ocrx_word' id='word_1_284' title='bbox 846 3215 953 3262; x_wconf 74' lang='lat' dir='ltr'>nostrae</span> <span class='ocrx_word' id='word_1_285' title='bbox 973 3208 1152 3262; x_wconf 80' lang='lat' dir='ltr'>infirmitatis</span> <span class='ocrx_word' id='word_1_286' title='bbox 1180 3208 1314 3260; x_wconf 89' lang='lat' dir='ltr'>conside-</span> 
     </span>
     <span class='ocr_line' id='line_1_32' title="bbox 141 3286 1315 3356; baseline 0 -18"><span class='ocrx_word' id='word_1_287' title='bbox 141 3286 262 3352; x_wconf 82' lang='lat' dir='ltr'>ratione,</span> <span class='ocrx_word' id='word_1_288' title='bbox 283 3286 412 3354; x_wconf 86' lang='lat' dir='ltr'>qualiter</span> <span class='ocrx_word' id='word_1_289' title='bbox 431 3288 542 3340; x_wconf 89' lang='lat' dir='ltr'>nemini</span> <span class='ocrx_word' id='word_1_290' title='bbox 563 3292 740 3356; x_wconf 84' lang='lat' dir='ltr'>potestesse</span> <span class='ocrx_word' id='word_1_291' title='bbox 760 3288 884 3340; x_wconf 88' lang='lat' dir='ltr'>dubiam</span> <span class='ocrx_word' id='word_1_292' title='bbox 905 3286 1133 3340; x_wconf 87' lang='lat' dir='ltr'>misericordiam</span> <span class='ocrx_word' id='word_1_293' title='bbox 1153 3287 1315 3340; x_wconf 77' lang='lat' dir='ltr'>lornmllter</span> 
     </span>
     <span class='ocr_line' id='line_1_33' title="bbox 138 3365 1312 3436; baseline 0.001 -18"><span class='ocrx_word' id='word_1_294' title='bbox 138 3366 171 3418; x_wconf 92' lang='lat' dir='ltr'>in</span> <span class='ocrx_word' id='word_1_295' title='bbox 192 3366 252 3418; x_wconf 90' lang='lat' dir='ltr'>Deo</span> <span class='ocrx_word' id='word_1_296' title='bbox 272 3381 331 3420; x_wconf 91' lang='lat' dir='ltr'>non</span> <span class='ocrx_word' id='word_1_297' title='bbox 353 3367 482 3434; x_wconf 89' lang='lat' dir='ltr'>reperiri,</span> <span class='ocrx_word' id='word_1_298' title='bbox 503 3382 597 3434; x_wconf 89' lang='lat' dir='ltr'>aquo</span> <span class='ocrx_word' id='word_1_299' title='bbox 617 3367 705 3436; x_wconf 77' lang='lat' dir='ltr'>longe.</span> <span class='ocrx_word' id='word_1_300' title='bbox 724 3367 820 3419; x_wconf 86' lang='lat' dir='ltr'>omnis</span> <span class='ocrx_word' id='word_1_301' title='bbox 841 3368 958 3420; x_wconf 81' lang='lat' dir='ltr'>irrisoria</span> <span class='ocrx_word' id='word_1_302' title='bbox 970 3370 1000 3419; x_wconf 89' lang='lat' dir='ltr'>et</span> <span class='ocrx_word' id='word_1_303' title='bbox 1019 3366 1174 3418; x_wconf 83' lang='lat' dir='ltr'>infirmitas</span> <span class='ocrx_word' id='word_1_304' title='bbox 1199 3365 1312 3419; x_wconf 81' lang='lat' dir='ltr'>exulat.</span> 
     </span>
     <span class='ocr_line' id='line_1_34' title="bbox 139 3444 252 3498; baseline -0.035 -1"><span class='ocrx_word' id='word_1_305' title='bbox 139 3444 252 3498; x_wconf 79' lang='lat' dir='ltr'>Idcirco</span> 
     </span>
    </p>

    <p class='ocr_par' dir='ltr' id='par_1_5' title="bbox 134 3524 1315 4632">
     <span class='ocr_line' id='line_1_35' title="bbox 175 3524 1312 3593; baseline 0 -15"><span class='ocrx_word' id='word_1_306' title='bbox 175 3524 355 3580; x_wconf 72' lang='lat' dir='ltr'>Norssmnr</span> <span class='ocrx_word' id='word_1_307' title='bbox 375 3525 401 3578; x_wconf 80' lang='grc'>2.</span> <span class='ocrx_word' id='word_1_308' title='bbox 424 3526 468 3579; x_wconf 72' lang='lat' dir='ltr'>lix</span> <span class='ocrx_word' id='word_1_309' title='bbox 487 3527 588 3580; x_wconf 56' lang='lat' dir='ltr'>&lt;coelem</span> <span class='ocrx_word' id='word_1_310' title='bbox 609 3526 734 3580; x_wconf 89' lang='lat' dir='ltr'>Doctore</span> <span class='ocrx_word' id='word_1_311' title='bbox 755 3525 875 3592; x_wconf 88' lang='lat' dir='ltr'>ibidem,</span> <span class='ocrx_word' id='word_1_312' title='bbox 901 3525 1141 3591; x_wconf 85' lang='lat' dir='ltr'>Misericordiam,</span> <span class='ocrx_word' id='word_1_313' title='bbox 1163 3530 1312 3593; x_wconf 87' lang='lat' dir='ltr'>quatenus</span> 
     </span>
     <span class='ocr_line' id='line_1_36' title="bbox 140 3604 1313 3674; baseline 0 -17"><span class='ocrx_word' id='word_1_314' title='bbox 140 3605 171 3658; x_wconf 92' lang='lat' dir='ltr'>in</span> <span class='ocrx_word' id='word_1_315' title='bbox 193 3607 275 3658; x_wconf 81' lang='lat' dir='ltr'>nohis</span> <span class='ocrx_word' id='word_1_316' title='bbox 306 3606 459 3673; x_wconf 76' lang='lat' dir='ltr'>repmitur,</span> <span class='ocrx_word' id='word_1_317' title='bbox 481 3607 539 3659; x_wconf 77' lang='lat' dir='ltr'>diro</span> <span class='ocrx_word' id='word_1_318' title='bbox 558 3606 641 3658; x_wconf 75' lang='lat' dir='ltr'>velut</span> <span class='ocrx_word' id='word_1_319' title='bbox 671 3607 838 3674; x_wconf 82' lang='lat' dir='ltr'>importare,</span> <span class='ocrx_word' id='word_1_320' title='bbox 868 3620 962 3659; x_wconf 93' lang='lat' dir='ltr'>unum</span> <span class='ocrx_word' id='word_1_321' title='bbox 991 3604 1112 3672; x_wconf 86' lang='lat' dir='ltr'>quide-m</span> <span class='ocrx_word' id='word_1_322' title='bbox 1131 3604 1167 3658; x_wconf 88' lang='lat' dir='ltr'>de</span> <span class='ocrx_word' id='word_1_323' title='bbox 1187 3605 1313 3670; x_wconf 86' lang='lat' dir='ltr'>l&#39;ormali,</span> 
     </span>
     <span class='ocr_line' id='line_1_37' title="bbox 138 3683 1315 3754; baseline 0.001 -16"><span class='ocrx_word' id='word_1_324' title='bbox 138 3685 263 3738; x_wconf 88' lang='lat' dir='ltr'>alterum</span> <span class='ocrx_word' id='word_1_325' title='bbox 285 3700 354 3737; x_wconf 81' lang='lat' dir='ltr'>vero</span> <span class='ocrx_word' id='word_1_326' title='bbox 375 3686 411 3736; x_wconf 86' lang='lat' dir='ltr'>de.</span> <span class='ocrx_word' id='word_1_327' title='bbox 432 3685 585 3739; x_wconf 83' lang='lat' dir='ltr'>rrmteriali.</span> <span class='ocrx_word' id='word_1_328' title='bbox 608 3685 652 3737; x_wconf 83' lang='lat' dir='ltr'>lle</span> <span class='ocrx_word' id='word_1_329' title='bbox 671 3685 794 3751; x_wconf 71' lang='lat' dir='ltr'>ferrreoli</span> <span class='ocrx_word' id='word_1_330' title='bbox 812 3701 941 3754; x_wconf 74' lang='lat' dir='ltr'>natuque</span> <span class='ocrx_word' id='word_1_331' title='bbox 965 3686 1038 3739; x_wconf 91' lang='lat' dir='ltr'>dicit</span> <span class='ocrx_word' id='word_1_332' title='bbox 1056 3689 1154 3739; x_wconf 88' lang='lat' dir='ltr'>actum</span> <span class='ocrx_word' id='word_1_333' title='bbox 1175 3700 1228 3739; x_wconf 89' lang='lat' dir='ltr'>seu</span> <span class='ocrx_word' id='word_1_334' title='bbox 1247 3683 1315 3739; x_wconf 84' lang='lat' dir='ltr'>atl&#39;e·</span> 
     </span>
     <span class='ocr_line' id='line_1_38' title="bbox 139 3764 1314 3833; baseline 0.001 -17"><span class='ocrx_word' id='word_1_335' title='bbox 139 3773 221 3818; x_wconf 83' lang='lat' dir='ltr'>ctum</span> <span class='ocrx_word' id='word_1_336' title='bbox 241 3764 414 3826; x_wconf 76' lang='lat' dir='ltr'>rennuatis,</span> <span class='ocrx_word' id='word_1_337' title='bbox 444 3780 502 3832; x_wconf 71' lang='lat' dir='ltr'>(ruo</span> <span class='ocrx_word' id='word_1_338' title='bbox 531 3766 598 3833; x_wconf 87' lang='lat' dir='ltr'>quis</span> <span class='ocrx_word' id='word_1_339' title='bbox 627 3769 746 3833; x_wconf 81' lang='lat' dir='ltr'>exoptat</span> <span class='ocrx_word' id='word_1_340' title='bbox 770 3770 800 3820; x_wconf 87' lang='lat' dir='ltr'>et</span> <span class='ocrx_word' id='word_1_341' title='bbox 829 3766 955 3820; x_wconf 88' lang='lat' dir='ltr'>intendit</span> <span class='ocrx_word' id='word_1_342' title='bbox 982 3765 1139 3820; x_wconf 85' lang='lat' dir='ltr'>sublevare</span> <span class='ocrx_word' id='word_1_343' title='bbox 1167 3765 1314 3818; x_wconf 86' lang='lat' dir='ltr'>miseriam</span> 
     </span>
     <span class='ocr_line' id='line_1_39' title="bbox 139 3844 1315 3914; baseline 0.003 -18"><span class='ocrx_word' id='word_1_344' title='bbox 139 3844 285 3910; x_wconf 72' lang='lat' dir='ltr'>alienam,</span> <span class='ocrx_word' id='word_1_345' title='bbox 316 3846 366 3912; x_wconf 88' lang='lat' dir='ltr'>qui</span> <span class='ocrx_word' id='word_1_346' title='bbox 396 3845 528 3906; x_wconf 68' lang='lat' dir='ltr'>rrtlcrctus,</span> <span class='ocrx_word' id='word_1_347' title='bbox 549 3847 574 3898; x_wconf 91' lang='lat' dir='ltr'>si</span> <span class='ocrx_word' id='word_1_348' title='bbox 594 3846 632 3899; x_wconf 91' lang='lat' dir='ltr'>sit</span> <span class='ocrx_word' id='word_1_349' title='bbox 651 3846 754 3897; x_wconf 88' lang='lat' dir='ltr'>etlicnx</span> <span class='ocrx_word' id='word_1_350' title='bbox 775 3855 804 3899; x_wconf 88' lang='lat' dir='ltr'>et</span> <span class='ocrx_word' id='word_1_351' title='bbox 832 3851 946 3914; x_wconf 81' lang='lat' dir='ltr'>potens,</span> <span class='ocrx_word' id='word_1_352' title='bbox 976 3846 1012 3897; x_wconf 91' lang='lat' dir='ltr'>de.</span> <span class='ocrx_word' id='word_1_353' title='bbox 1031 3847 1108 3898; x_wconf 88' lang='lat' dir='ltr'>tacto</span> <span class='ocrx_word' id='word_1_354' title='bbox 1137 3854 1267 3899; x_wconf 78' lang='lat' dir='ltr'>removet</span> <span class='ocrx_word' id='word_1_355' title='bbox 1285 3852 1315 3899; x_wconf 87' lang='lat' dir='ltr'>et</span> 
     </span>
     <span class='ocr_line' id='line_1_40' title="bbox 138 3923 1313 3993; baseline -0.003 -17"><span class='ocrx_word' id='word_1_356' title='bbox 138 3923 262 3990; x_wconf 76' lang='lat' dir='ltr'>expellit</span> <span class='ocrx_word' id='word_1_357' title='bbox 283 3924 431 3976; x_wconf 87' lang='lat' dir='ltr'>miseriam</span> <span class='ocrx_word' id='word_1_358' title='bbox 451 3941 465 3976; x_wconf 90' lang='lat' dir='ltr'>a</span> <span class='ocrx_word' id='word_1_359' title='bbox 486 3925 619 3991; x_wconf 78' lang='lat' dir='ltr'>subiecto</span> <span class='ocrx_word' id='word_1_360' title='bbox 640 3926 668 3976; x_wconf 91' lang='lat' dir='ltr'>in</span> <span class='ocrx_word' id='word_1_361' title='bbox 695 3941 754 3992; x_wconf 71' lang='lat' dir='ltr'>eruo</span> <span class='ocrx_word' id='word_1_362' title='bbox 773 3932 827 3992; x_wconf 86' lang='lat' dir='ltr'>est,</span> <span class='ocrx_word' id='word_1_363' title='bbox 849 3926 894 3979; x_wconf 81' lang='lat' dir='ltr'>vel</span> <span class='ocrx_word' id='word_1_364' title='bbox 917 3926 1013 3979; x_wconf 89' lang='lat' dir='ltr'>inesse</span> <span class='ocrx_word' id='word_1_365' title='bbox 1042 3929 1145 3993; x_wconf 83' lang='lat' dir='ltr'>potest.</span> <span class='ocrx_word' id='word_1_366' title='bbox 1167 3925 1212 3978; x_wconf 83' lang='lat' dir='ltr'>Ile</span> <span class='ocrx_word' id='word_1_367' title='bbox 1226 3927 1313 3977; x_wconf 82' lang='lat' dir='ltr'>erente-</span> 
     </span>
     <span class='ocr_line' id='line_1_41' title="bbox 141 4003 1315 4074; baseline 0.003 -20"><span class='ocrx_word' id='word_1_368' title='bbox 141 4003 210 4056; x_wconf 82' lang='lat' dir='ltr'>rieti</span> <span class='ocrx_word' id='word_1_369' title='bbox 228 4019 297 4055; x_wconf 77' lang='lat' dir='ltr'>vero</span> <span class='ocrx_word' id='word_1_370' title='bbox 317 4003 466 4074; x_wconf 81' lang='lat' dir='ltr'>significat</span> <span class='ocrx_word' id='word_1_371' title='bbox 485 4004 641 4072; x_wconf 82' lang='lat' dir='ltr'>quenulam</span> <span class='ocrx_word' id='word_1_372' title='bbox 663 4013 773 4058; x_wconf 89' lang='lat' dir='ltr'>motum</span> <span class='ocrx_word' id='word_1_373' title='bbox 795 4007 943 4074; x_wconf 71' lang='lat' dir='ltr'>appetitus</span> <span class='ocrx_word' id='word_1_374' title='bbox 962 4006 1107 4071; x_wconf 84' lang='lat' dir='ltr'>sensitivi,</span> <span class='ocrx_word' id='word_1_375' title='bbox 1128 4020 1186 4073; x_wconf 91' lang='lat' dir='ltr'>quo</span> <span class='ocrx_word' id='word_1_376' title='bbox 1205 4005 1315 4072; x_wconf 86' lang='lat' dir='ltr'>aliquis</span> 
     </span>
     <span class='ocr_line' id='line_1_42' title="bbox 139 4083 1313 4152; baseline 0.003 -20"><span class='ocrx_word' id='word_1_377' title='bbox 139 4083 176 4136; x_wconf 91' lang='lat' dir='ltr'>de.</span> <span class='ocrx_word' id='word_1_378' title='bbox 196 4084 273 4134; x_wconf 89' lang='lat' dir='ltr'>malo</span> <span class='ocrx_word' id='word_1_379' title='bbox 292 4084 414 4138; x_wconf 84' lang='lat' dir='ltr'>alterius</span> <span class='ocrx_word' id='word_1_380' title='bbox 434 4084 567 4137; x_wconf 87' lang='lat' dir='ltr'>tristatur</span> <span class='ocrx_word' id='word_1_381' title='bbox 586 4091 615 4136; x_wconf 88' lang='lat' dir='ltr'>et</span> <span class='ocrx_word' id='word_1_382' title='bbox 635 4084 680 4136; x_wconf 91' lang='lat' dir='ltr'>illi</span> <span class='ocrx_word' id='word_1_383' title='bbox 699 4100 751 4151; x_wconf 88' lang='lat' dir='ltr'>per</span> <span class='ocrx_word' id='word_1_384' title='bbox 770 4085 906 4137; x_wconf 77' lang='lat' dir='ltr'>aneorum</span> <span class='ocrx_word' id='word_1_385' title='bbox 926 4085 1064 4138; x_wconf 88' lang='lat' dir='ltr'>condolet</span> <span class='ocrx_word' id='word_1_386' title='bbox 1082 4091 1111 4138; x_wconf 89' lang='lat' dir='ltr'>et</span> <span class='ocrx_word' id='word_1_387' title='bbox 1124 4085 1313 4152; x_wconf 86' lang='lat' dir='ltr'>compatitur:</span> 
     </span>
     <span class='ocr_line' id='line_1_43' title="bbox 137 4163 1313 4232; baseline -0.001 -18"><span class='ocrx_word' id='word_1_388' title='bbox 137 4179 192 4216; x_wconf 84' lang='lat' dir='ltr'>seu</span> <span class='ocrx_word' id='word_1_389' title='bbox 211 4175 245 4216; x_wconf 89' lang='lat' dir='ltr'>ut</span> <span class='ocrx_word' id='word_1_390' title='bbox 264 4164 396 4232; x_wconf 85' lang='lat' dir='ltr'>loquitur·</span> <span class='ocrx_word' id='word_1_391' title='bbox 415 4163 537 4217; x_wconf 75' lang='lat' dir='ltr'>Doctae:</span> <span class='ocrx_word' id='word_1_392' title='bbox 558 4163 759 4216; x_wconf 75' lang='lat' dir='ltr'>Misericordia</span> <span class='ocrx_word' id='word_1_393' title='bbox 780 4164 810 4216; x_wconf 85' lang='lat' dir='ltr'>in</span> <span class='ocrx_word' id='word_1_394' title='bbox 827 4164 907 4216; x_wconf 77' lang='lat' dir='ltr'>reatris</span> <span class='ocrx_word' id='word_1_395' title='bbox 925 4167 966 4215; x_wconf 88' lang='lat' dir='ltr'>est</span> <span class='ocrx_word' id='word_1_396' title='bbox 979 4164 1105 4226; x_wconf 76' lang='lat' dir='ltr'>lenterius,</span> <span class='ocrx_word' id='word_1_397' title='bbox 1120 4165 1164 4216; x_wconf 80' lang='lat' dir='ltr'>ret</span> <span class='ocrx_word' id='word_1_398' title='bbox 1176 4163 1313 4231; x_wconf 81' lang='lat' dir='ltr'>qiretiter-</span> 
     </span>
     <span class='ocr_line' id='line_1_44' title="bbox 138 4242 1312 4312; baseline -0.002 -16"><span class='ocrx_word' id='word_1_399' title='bbox 138 4259 261 4312; x_wconf 77' lang='lat' dir='ltr'>crrrnqee</span> <span class='ocrx_word' id='word_1_400' title='bbox 274 4244 392 4297; x_wconf 72' lang='lat' dir='ltr'>dimetiri·</span> <span class='ocrx_word' id='word_1_401' title='bbox 403 4243 511 4310; x_wconf 70' lang='lat' dir='ltr'>lin-rerer.</span> <span class='ocrx_word' id='word_1_402' title='bbox 527 4261 585 4312; x_wconf 80' lang='lat' dir='ltr'>qne</span> <span class='ocrx_word' id='word_1_403' title='bbox 601 4245 699 4296; x_wconf 75' lang='lat' dir='ltr'>realem</span> <span class='ocrx_word' id='word_1_404' title='bbox 705 4260 739 4295; x_wconf 85' lang='lat' dir='ltr'>ns</span> <span class='ocrx_word' id='word_1_405' title='bbox 752 4243 900 4296; x_wconf 79' lang='lat' dir='ltr'>nciam-inm</span> <span class='ocrx_word' id='word_1_406' title='bbox 915 4244 1055 4298; x_wconf 83' lang='lat' dir='ltr'>alterins:</span> <span class='ocrx_word' id='word_1_407' title='bbox 1068 4244 1109 4296; x_wconf 89' lang='lat' dir='ltr'>ito</span> <span class='ocrx_word' id='word_1_408' title='bbox 1128 4244 1206 4311; x_wconf 76' lang='lat' dir='ltr'>eierat</span> <span class='ocrx_word' id='word_1_409' title='bbox 1214 4242 1312 4310; x_wconf 84' lang='lat' dir='ltr'>primo</span> 
     </span>
     <span class='ocr_line' id='line_1_45' title="bbox 139 4321 1314 4389; baseline 0.001 -17"><span class='ocrx_word' id='word_1_410' title='bbox 139 4323 263 4376; x_wconf 79' lang='lat' dir='ltr'>inclinet</span> <span class='ocrx_word' id='word_1_411' title='bbox 282 4325 322 4376; x_wconf 81' lang='lat' dir='ltr'>eret</span> <span class='ocrx_word' id='word_1_412' title='bbox 339 4326 436 4375; x_wconf 73' lang='lat' dir='ltr'>rra-trem</span> <span class='ocrx_word' id='word_1_413' title='bbox 460 4323 577 4376; x_wconf 81' lang='lat' dir='ltr'>rrrrlemii</span> <span class='ocrx_word' id='word_1_414' title='bbox 595 4321 742 4375; x_wconf 78' lang='lat' dir='ltr'>miseriem</span> <span class='ocrx_word' id='word_1_415' title='bbox 759 4322 789 4374; x_wconf 90' lang='lat' dir='ltr'>in</span> <span class='ocrx_word' id='word_1_416' title='bbox 804 4323 871 4386; x_wconf 82' lang='lat' dir='ltr'>erlie,</span> <span class='ocrx_word' id='word_1_417' title='bbox 887 4326 912 4373; x_wconf 90' lang='lat' dir='ltr'>et</span> <span class='ocrx_word' id='word_1_418' title='bbox 923 4325 974 4376; x_wconf 84' lang='lat' dir='ltr'>hoe</span> <span class='ocrx_word' id='word_1_419' title='bbox 995 4325 1035 4376; x_wconf 82' lang='lat' dir='ltr'>eei</span> <span class='ocrx_word' id='word_1_420' title='bbox 1053 4321 1189 4389; x_wconf 75' lang='lat' dir='ltr'>sericarum</span> <span class='ocrx_word' id='word_1_421' title='bbox 1204 4324 1230 4372; x_wconf 89' lang='lat' dir='ltr'>et</span> <span class='ocrx_word' id='word_1_422' title='bbox 1244 4324 1314 4375; x_wconf 81' lang='lat' dir='ltr'>trine</span> 
     </span>
     <span class='ocr_line' id='line_1_46' title="bbox 137 4400 1314 4471; baseline 0.001 -17"><span class='ocrx_word' id='word_1_423' title='bbox 137 4405 295 4471; x_wconf 71' lang='lat' dir='ltr'>premerent</span> <span class='ocrx_word' id='word_1_424' title='bbox 313 4404 349 4456; x_wconf 81' lang='lat' dir='ltr'>etr</span> <span class='ocrx_word' id='word_1_425' title='bbox 369 4403 420 4455; x_wconf 88' lang='lat' dir='ltr'>ille</span> <span class='ocrx_word' id='word_1_426' title='bbox 439 4403 466 4456; x_wconf 89' lang='lat' dir='ltr'>si</span> <span class='ocrx_word' id='word_1_427' title='bbox 483 4405 592 4471; x_wconf 72' lang='lat' dir='ltr'>pertesi:</span> <span class='ocrx_word' id='word_1_428' title='bbox 613 4404 654 4455; x_wconf 83' lang='lat' dir='ltr'>ret</span> <span class='ocrx_word' id='word_1_429' title='bbox 670 4405 842 4470; x_wconf 73' lang='lat' dir='ltr'>presentem</span> <span class='ocrx_word' id='word_1_430' title='bbox 863 4404 888 4452; x_wconf 91' lang='lat' dir='ltr'>et</span> <span class='ocrx_word' id='word_1_431' title='bbox 908 4405 977 4454; x_wconf 85' lang='lat' dir='ltr'>tenc</span> <span class='ocrx_word' id='word_1_432' title='bbox 998 4403 1137 4455; x_wconf 77' lang='lat' dir='ltr'>retemta</span> <span class='ocrx_word' id='word_1_433' title='bbox 1157 4400 1274 4454; x_wconf 76' lang='lat' dir='ltr'>irrisorie</span> <span class='ocrx_word' id='word_1_434' title='bbox 1287 4401 1314 4455; x_wconf 81' lang='lat' dir='ltr'>si</span> 
     </span>
     <span class='ocr_line' id='line_1_47' title="bbox 137 4480 1313 4552; baseline 0 -17"><span class='ocrx_word' id='word_1_435' title='bbox 137 4484 247 4552; x_wconf 70' lang='lat' dir='ltr'>petest:</span> <span class='ocrx_word' id='word_1_436' title='bbox 265 4485 292 4534; x_wconf 83' lang='lat' dir='ltr'>er</span> <span class='ocrx_word' id='word_1_437' title='bbox 310 4500 347 4536; x_wconf 73' lang='lat' dir='ltr'>ac</span> <span class='ocrx_word' id='word_1_438' title='bbox 365 4483 549 4552; x_wconf 78' lang='lat' dir='ltr'>consequenti</span> <span class='ocrx_word' id='word_1_439' title='bbox 565 4485 630 4551; x_wconf 84' lang='lat' dir='ltr'>post</span> <span class='ocrx_word' id='word_1_440' title='bbox 648 4481 842 4549; x_wconf 67' lang='lat' dir='ltr'>:apricationem</span> <span class='ocrx_word' id='word_1_441' title='bbox 863 4481 993 4550; x_wconf 86' lang='lat' dir='ltr'>disponit</span> <span class='ocrx_word' id='word_1_442' title='bbox 1012 4483 1052 4534; x_wconf 80' lang='lat' dir='ltr'>er</span> <span class='ocrx_word' id='word_1_443' title='bbox 1067 4480 1245 4550; x_wconf 72' lang='lat' dir='ltr'>pressionem,</span> <span class='ocrx_word' id='word_1_444' title='bbox 1260 4481 1313 4535; x_wconf 84' lang='lat' dir='ltr'>sci-</span> 
     </span>
     <span class='ocr_line' id='line_1_48' title="bbox 134 4561 1096 4632; baseline -0.001 -16"><span class='ocrx_word' id='word_1_445' title='bbox 134 4563 201 4616; x_wconf 79' lang='lat' dir='ltr'>lieet</span> <span class='ocrx_word' id='word_1_446' title='bbox 219 4566 251 4614; x_wconf 85' lang='lat' dir='ltr'>et</span> <span class='ocrx_word' id='word_1_447' title='bbox 269 4561 483 4632; x_wconf 83' lang='lat' dir='ltr'>displicentiam</span> <span class='ocrx_word' id='word_1_448' title='bbox 504 4563 539 4616; x_wconf 87' lang='lat' dir='ltr'>de</span> <span class='ocrx_word' id='word_1_449' title='bbox 558 4561 675 4614; x_wconf 82' lang='lat' dir='ltr'>miserie</span> <span class='ocrx_word' id='word_1_450' title='bbox 697 4561 868 4615; x_wconf 83' lang='lat' dir='ltr'>imminente</span> <span class='ocrx_word' id='word_1_451' title='bbox 887 4563 930 4615; x_wconf 83' lang='lat' dir='ltr'>cel</span> <span class='ocrx_word' id='word_1_452' title='bbox 944 4563 1096 4630; x_wconf 64' lang='lat' dir='ltr'>praeunte.</span> 
     </span>
    </p>

    <p class='ocr_par' dir='ltr' id='par_1_6' title="bbox 192 4639 1314 4710">
     <span class='ocr_line' id='line_1_49' title="bbox 192 4639 1314 4710; baseline 0.001 -15"><span class='ocrx_word' id='word_1_453' title='bbox 192 4641 373 4698; x_wconf 75' lang='lat' dir='ltr'>Norenses</span> <span class='ocrx_word' id='word_1_454' title='bbox 393 4643 419 4696; x_wconf 83' lang='lat'>3.</span> <span class='ocrx_word' id='word_1_455' title='bbox 442 4641 485 4696; x_wconf 83' lang='lat' dir='ltr'>Ex</span> <span class='ocrx_word' id='word_1_456' title='bbox 499 4642 600 4696; x_wconf 86' lang='lat' dir='ltr'>eodem</span> <span class='ocrx_word' id='word_1_457' title='bbox 621 4658 651 4696; x_wconf 89' lang='lat' dir='ltr'>n.</span> <span class='ocrx_word' id='word_1_458' title='bbox 666 4642 693 4696; x_wconf 83' lang='lat'>3.</span> <span class='ocrx_word' id='word_1_459' title='bbox 714 4641 794 4710; x_wconf 87' lang='lat' dir='ltr'>quod</span> <span class='ocrx_word' id='word_1_460' title='bbox 808 4641 1057 4710; x_wconf 87' lang='lat' dir='ltr'>quemadmodum</span> <span class='ocrx_word' id='word_1_461' title='bbox 1076 4641 1107 4694; x_wconf 92' lang='lat' dir='ltr'>ln</span> <span class='ocrx_word' id='word_1_462' title='bbox 1121 4641 1185 4696; x_wconf 87' lang='lat' dir='ltr'>Deo</span> <span class='ocrx_word' id='word_1_463' title='bbox 1201 4639 1314 4710; x_wconf 88' lang='lat' dir='ltr'>duplex</span> 
     </span>
    </p>
   </div>
   <div class='ocr_carea' id='block_1_5' title="bbox 0 0 1538 5400">
    <p class='ocr_par' dir='ltr' id='par_1_7' title="bbox 0 0 1538 5400">
     <span class='ocr_line' id='line_1_50' title="bbox 0 0 1538 5400; baseline 0 0"><span class='ocrx_word' id='word_1_464' title='bbox 0 0 1538 5400; x_wconf 95' lang='lat' dir='ltr'> </span> 
     </span>
    </p>
   </div>
  </div>
 </body>
</html>
