<?xml version="1.0" encoding="UTF-8"?>
<!DOCTYPE html PUBLIC "-//W3C//DTD XHTML 1.0 Transitional//EN"
    "http://www.w3.org/TR/xhtml1/DTD/xhtml1-transitional.dtd">
<html xmlns="http://www.w3.org/1999/xhtml" xml:lang="en" lang="en">
 <head>
  <title>
</title>
<meta http-equiv="Content-Type" content="text/html;charset=utf-8" />
  <meta name='ocr-system' content='tesseract 3.04.00' />
  <meta name='ocr-capabilities' content='ocr_page ocr_carea ocr_par ocr_line ocrx_word'/>
</head>
<body>
  <div class='ocr_page' id='page_1' title='image "./scotusacademicu00frasgoog_0044.png"; bbox 0 0 3067 5400; ppageno 0'>
   <div class='ocr_carea' id='block_1_1' title="bbox 178 563 1136 633">
    <p class='ocr_par' dir='ltr' id='par_1_1' title="bbox 178 563 1136 633">
     <span class='ocr_line' id='line_1_1' title="bbox 178 563 1136 633; baseline 0.002 -5"><span class='ocrx_word' id='word_1_1' title='bbox 178 563 222 629; x_wconf 80' lang='grc'>40</span> <span class='ocrx_word' id='word_1_2' title='bbox 394 582 439 630; x_wconf 81' lang='lat' dir='ltr'>eu</span> <span class='ocrx_word' id='word_1_3' title='bbox 464 582 625 630; x_wconf 76' lang='lat' dir='ltr'>screnus</span> <span class='ocrx_word' id='word_1_4' title='bbox 649 583 819 631; x_wconf 75' lang='lat' dir='ltr'>sruerscrs</span> <span class='ocrx_word' id='word_1_5' title='bbox 843 584 1136 633; x_wconf 69' lang='lat' dir='ltr'>tarsatiensem.</span> 
     </span>
    </p>
   </div>
   <div class='ocr_carea' id='block_1_2' title="bbox 174 704 1365 4686">
    <p class='ocr_par' dir='ltr' id='par_1_2' title="bbox 175 704 1358 1638">
     <span class='ocr_line' id='line_1_2' title="bbox 176 704 1354 775; baseline 0.005 -18"><span class='ocrx_word' id='word_1_6' title='bbox 176 704 342 759; x_wconf 86' lang='lat' dir='ltr'>secundum</span> <span class='ocrx_word' id='word_1_7' title='bbox 355 719 419 758; x_wconf 83' lang='lat' dir='ltr'>esse</span> <span class='ocrx_word' id='word_1_8' title='bbox 432 705 610 760; x_wconf 89' lang='lat' dir='ltr'>diminutum</span> <span class='ocrx_word' id='word_1_9' title='bbox 630 708 668 759; x_wconf 88' lang='lat' dir='ltr'>ab</span> <span class='ocrx_word' id='word_1_10' title='bbox 688 706 842 760; x_wconf 88' lang='lat' dir='ltr'>intellectu</span> <span class='ocrx_word' id='word_1_11' title='bbox 855 705 967 770; x_wconf 81' lang='lat' dir='ltr'>divine,</span> <span class='ocrx_word' id='word_1_12' title='bbox 983 712 1012 761; x_wconf 90' lang='lat' dir='ltr'>et</span> <span class='ocrx_word' id='word_1_13' title='bbox 1024 706 1103 775; x_wconf 88' lang='lat' dir='ltr'>quod</span> <span class='ocrx_word' id='word_1_14' title='bbox 1117 708 1154 761; x_wconf 90' lang='lat' dir='ltr'>ab</span> <span class='ocrx_word' id='word_1_15' title='bbox 1167 712 1279 762; x_wconf 82' lang='lat' dir='ltr'>aeterne</span> <span class='ocrx_word' id='word_1_16' title='bbox 1292 709 1354 763; x_wconf 81' lang='lat' dir='ltr'>sint</span> 
     </span>
     <span class='ocr_line' id='line_1_3' title="bbox 178 785 1356 855; baseline 0.005 -18"><span class='ocrx_word' id='word_1_17' title='bbox 178 786 215 837; x_wconf 87' lang='lat' dir='ltr'>ab</span> <span class='ocrx_word' id='word_1_18' title='bbox 235 785 287 836; x_wconf 92' lang='lat' dir='ltr'>illo</span> <span class='ocrx_word' id='word_1_19' title='bbox 306 785 443 853; x_wconf 70' lang='lat' dir='ltr'>cognitae,</span> <span class='ocrx_word' id='word_1_20' title='bbox 464 786 527 854; x_wconf 88' lang='lat' dir='ltr'>pari</span> <span class='ocrx_word' id='word_1_21' title='bbox 548 787 660 840; x_wconf 85' lang='lat' dir='ltr'>ratione</span> <span class='ocrx_word' id='word_1_22' title='bbox 681 786 817 840; x_wconf 85' lang='lat' dir='ltr'>Essentia</span> <span class='ocrx_word' id='word_1_23' title='bbox 836 785 938 838; x_wconf 85' lang='lat' dir='ltr'>divina</span> <span class='ocrx_word' id='word_1_24' title='bbox 951 787 988 839; x_wconf 90' lang='lat' dir='ltr'>ab</span> <span class='ocrx_word' id='word_1_25' title='bbox 1002 786 1065 855; x_wconf 86' lang='lat' dir='ltr'>ipse</span> <span class='ocrx_word' id='word_1_26' title='bbox 1080 786 1181 841; x_wconf 68' lang='lat' dir='ltr'>alirino</span> <span class='ocrx_word' id='word_1_27' title='bbox 1201 787 1356 843; x_wconf 85' lang='lat' dir='ltr'>intellectu</span> 
     </span>
     <span class='ocr_line' id='line_1_4' title="bbox 176 865 1357 936; baseline 0.002 -19"><span class='ocrx_word' id='word_1_28' title='bbox 176 865 266 918; x_wconf 91' lang='lat' dir='ltr'>etiam</span> <span class='ocrx_word' id='word_1_29' title='bbox 286 865 323 918; x_wconf 87' lang='lat' dir='ltr'>ab</span> <span class='ocrx_word' id='word_1_30' title='bbox 342 873 451 918; x_wconf 79' lang='lat' dir='ltr'>aterno</span> <span class='ocrx_word' id='word_1_31' title='bbox 473 867 592 935; x_wconf 81' lang='lat' dir='ltr'>cognita</span> <span class='ocrx_word' id='word_1_32' title='bbox 616 867 674 919; x_wconf 92' lang='lat' dir='ltr'>dici</span> <span class='ocrx_word' id='word_1_33' title='bbox 694 871 793 936; x_wconf 86' lang='lat' dir='ltr'>posset</span> <span class='ocrx_word' id='word_1_34' title='bbox 811 867 848 918; x_wconf 88' lang='lat' dir='ltr'>ab</span> <span class='ocrx_word' id='word_1_35' title='bbox 869 865 919 918; x_wconf 90' lang='lat' dir='ltr'>illo</span> <span class='ocrx_word' id='word_1_36' title='bbox 938 866 1081 934; x_wconf 87' lang='lat' dir='ltr'>producta</span> <span class='ocrx_word' id='word_1_37' title='bbox 1107 867 1273 921; x_wconf 89' lang='lat' dir='ltr'>secundum</span> <span class='ocrx_word' id='word_1_38' title='bbox 1293 883 1357 922; x_wconf 83' lang='lat' dir='ltr'>asse</span> 
     </span>
     <span class='ocr_line' id='line_1_5' title="bbox 178 943 1358 1016; baseline 0.005 -21"><span class='ocrx_word' id='word_1_39' title='bbox 178 943 373 997; x_wconf 88' lang='lat' dir='ltr'>diminutum:</span> <span class='ocrx_word' id='word_1_40' title='bbox 394 945 446 999; x_wconf 92' lang='lat' dir='ltr'>sed</span> <span class='ocrx_word' id='word_1_41' title='bbox 464 946 571 999; x_wconf 74' lang='lat' dir='ltr'>falsum</span> <span class='ocrx_word' id='word_1_42' title='bbox 591 962 792 1015; x_wconf 87' lang='lat' dir='ltr'>consequeus:</span> <span class='ocrx_word' id='word_1_43' title='bbox 812 961 883 1015; x_wconf 89' lang='lat' dir='ltr'>erge</span> <span class='ocrx_word' id='word_1_44' title='bbox 903 947 991 999; x_wconf 89' lang='lat' dir='ltr'>etiam</span> <span class='ocrx_word' id='word_1_45' title='bbox 1012 947 1202 1001; x_wconf 73' lang='lat' dir='ltr'>antecedens.</span> <span class='ocrx_word' id='word_1_46' title='bbox 1219 977 1255 985; x_wconf 93' lang='lat'><em>-</em></span> <span class='ocrx_word' id='word_1_47' title='bbox 1269 950 1358 1016; x_wconf 64' lang='lat' dir='ltr'>flego</span> 
     </span>
     <span class='ocr_line' id='line_1_6' title="bbox 177 1025 1357 1097; baseline 0.005 -21"><span class='ocrx_word' id='word_1_48' title='bbox 177 1026 332 1089; x_wconf 76' lang='lat' dir='ltr'><strong>sequelam</strong></span> <span class='ocrx_word' id='word_1_49' title='bbox 351 1026 490 1092; x_wconf 77' lang='lat' dir='ltr'>majoris:</span> <span class='ocrx_word' id='word_1_50' title='bbox 510 1032 544 1079; x_wconf 90' lang='lat' dir='ltr'>ut</span> <span class='ocrx_word' id='word_1_51' title='bbox 562 1028 643 1079; x_wconf 70' lang='lat' dir='ltr'>terrim</span> <span class='ocrx_word' id='word_1_52' title='bbox 662 1025 776 1094; x_wconf 90' lang='lat' dir='ltr'>aliquid</span> <span class='ocrx_word' id='word_1_53' title='bbox 796 1025 918 1093; x_wconf 75' lang='lat' dir='ltr'>produci</span> <span class='ocrx_word' id='word_1_54' title='bbox 938 1026 1031 1094; x_wconf 77' lang='lat' dir='ltr'>possit</span> <span class='ocrx_word' id='word_1_55' title='bbox 1052 1026 1082 1079; x_wconf 96' lang='lat' dir='ltr'>in</span> <span class='ocrx_word' id='word_1_56' title='bbox 1103 1042 1167 1081; x_wconf 83' lang='lat' dir='ltr'>esso</span> <span class='ocrx_word' id='word_1_57' title='bbox 1186 1029 1308 1097; x_wconf 82' lang='lat' dir='ltr'>cognito</span> <span class='ocrx_word' id='word_1_58' title='bbox 1327 1034 1357 1082; x_wconf 88' lang='lat' dir='ltr'>et</span> 
     </span>
     <span class='ocr_line' id='line_1_7' title="bbox 178 1104 1357 1175; baseline 0.005 -19"><span class='ocrx_word' id='word_1_59' title='bbox 178 1104 285 1158; x_wconf 89' lang='lat' dir='ltr'>habere</span> <span class='ocrx_word' id='word_1_60' title='bbox 305 1105 446 1158; x_wconf 88' lang='lat' dir='ltr'>rationem</span> <span class='ocrx_word' id='word_1_61' title='bbox 475 1107 552 1159; x_wconf 60' lang='lat' dir='ltr'>irritis</span> <span class='ocrx_word' id='word_1_62' title='bbox 580 1106 730 1171; x_wconf 80' lang='lat' dir='ltr'>diminuti,</span> <span class='ocrx_word' id='word_1_63' title='bbox 758 1121 913 1159; x_wconf 84' lang='lat' dir='ltr'>necessum</span> <span class='ocrx_word' id='word_1_64' title='bbox 932 1110 977 1159; x_wconf 89' lang='lat' dir='ltr'>est</span> <span class='ocrx_word' id='word_1_65' title='bbox 997 1111 1031 1159; x_wconf 92' lang='lat' dir='ltr'>ut</span> <span class='ocrx_word' id='word_1_66' title='bbox 1050 1107 1132 1175; x_wconf 88' lang='lat' dir='ltr'>prius</span> <span class='ocrx_word' id='word_1_67' title='bbox 1152 1107 1270 1160; x_wconf 91' lang='lat' dir='ltr'>nullum</span> <span class='ocrx_word' id='word_1_68' title='bbox 1291 1122 1357 1162; x_wconf 77' lang='lat' dir='ltr'>esse</span> 
     </span>
     <span class='ocr_line' id='line_1_8' title="bbox 178 1185 1353 1255; baseline 0.005 -19"><span class='ocrx_word' id='word_1_69' title='bbox 178 1185 265 1241; x_wconf 84' lang='lat' dir='ltr'>reale.</span> <span class='ocrx_word' id='word_1_70' title='bbox 285 1187 348 1239; x_wconf 85' lang='lat' dir='ltr'>sire</span> <span class='ocrx_word' id='word_1_71' title='bbox 367 1187 513 1249; x_wconf 69' lang='lat' dir='ltr'>essentiae,</span> <span class='ocrx_word' id='word_1_72' title='bbox 534 1186 596 1239; x_wconf 81' lang='lat' dir='ltr'>sire</span> <span class='ocrx_word' id='word_1_73' title='bbox 615 1186 781 1240; x_wconf 74' lang='lat' dir='ltr'>existentia</span> <span class='ocrx_word' id='word_1_74' title='bbox 795 1187 902 1239; x_wconf 90' lang='lat' dir='ltr'>babeat</span> <span class='ocrx_word' id='word_1_75' title='bbox 916 1187 1087 1254; x_wconf 81' lang='lat' dir='ltr'>priusquam</span> <span class='ocrx_word' id='word_1_76' title='bbox 1103 1192 1302 1255; x_wconf 76' lang='lat' dir='ltr'>cognoscatur</span> <span class='ocrx_word' id='word_1_77' title='bbox 1314 1188 1353 1242; x_wconf 88' lang='lat' dir='ltr'>ab</span> 
     </span>
     <span class='ocr_line' id='line_1_9' title="bbox 177 1265 1357 1336; baseline 0.004 -20"><span class='ocrx_word' id='word_1_78' title='bbox 177 1265 332 1318; x_wconf 88' lang='lat' dir='ltr'>intellectu</span> <span class='ocrx_word' id='word_1_79' title='bbox 351 1266 469 1318; x_wconf 82' lang='lat' dir='ltr'>divino:</span> <span class='ocrx_word' id='word_1_80' title='bbox 490 1266 542 1318; x_wconf 88' lang='lat' dir='ltr'>sed</span> <span class='ocrx_word' id='word_1_81' title='bbox 564 1266 698 1320; x_wconf 71' lang='lat' dir='ltr'>lissentia</span> <span class='ocrx_word' id='word_1_82' title='bbox 717 1267 820 1319; x_wconf 82' lang='lat' dir='ltr'>divina</span> <span class='ocrx_word' id='word_1_83' title='bbox 833 1267 915 1334; x_wconf 78' lang='lat' dir='ltr'>prirm</span> <span class='ocrx_word' id='word_1_84' title='bbox 929 1271 1037 1319; x_wconf 90' lang='lat' dir='ltr'>nature</span> <span class='ocrx_word' id='word_1_85' title='bbox 1050 1282 1139 1334; x_wconf 89' lang='lat' dir='ltr'>quarn</span> <span class='ocrx_word' id='word_1_86' title='bbox 1159 1271 1357 1336; x_wconf 79' lang='lat' dir='ltr'>cognoscatur</span> 
     </span>
     <span class='ocr_line' id='line_1_10' title="bbox 175 1345 1353 1413; baseline 0.003 -17"><span class='ocrx_word' id='word_1_87' title='bbox 175 1345 214 1396; x_wconf 90' lang='lat' dir='ltr'>ab</span> <span class='ocrx_word' id='word_1_88' title='bbox 235 1345 386 1399; x_wconf 88' lang='lat' dir='ltr'>intellectu</span> <span class='ocrx_word' id='word_1_89' title='bbox 407 1346 518 1407; x_wconf 81' lang='lat' dir='ltr'>divino,</span> <span class='ocrx_word' id='word_1_90' title='bbox 544 1346 607 1413; x_wconf 85' lang='lat' dir='ltr'>jam</span> <span class='ocrx_word' id='word_1_91' title='bbox 636 1347 725 1400; x_wconf 90' lang='lat' dir='ltr'>habet</span> <span class='ocrx_word' id='word_1_92' title='bbox 752 1362 816 1399; x_wconf 79' lang='lat' dir='ltr'>esse¹</span> <span class='ocrx_word' id='word_1_93' title='bbox 845 1346 1010 1400; x_wconf 75' lang='lat' dir='ltr'>existentiae</span> <span class='ocrx_word' id='word_1_94' title='bbox 1031 1347 1062 1399; x_wconf 92' lang='lat' dir='ltr'>in</span> <span class='ocrx_word' id='word_1_95' title='bbox 1081 1362 1113 1399; x_wconf 90' lang='lat' dir='ltr'>se</span> <span class='ocrx_word' id='word_1_96' title='bbox 1132 1351 1161 1401; x_wconf 87' lang='lat' dir='ltr'>et</span> <span class='ocrx_word' id='word_1_97' title='bbox 1180 1347 1353 1413; x_wconf 72' lang='lat' dir='ltr'>formaliter,</span> 
     </span>
     <span class='ocr_line' id='line_1_11' title="bbox 176 1424 1355 1495; baseline 0.002 -18"><span class='ocrx_word' id='word_1_98' title='bbox 176 1424 334 1478; x_wconf 78' lang='lat' dir='ltr'>existentia</span> <span class='ocrx_word' id='word_1_99' title='bbox 355 1441 482 1493; x_wconf 79' lang='lat' dir='ltr'>urnaque</span> <span class='ocrx_word' id='word_1_100' title='bbox 502 1433 545 1479; x_wconf 89' lang='lat' dir='ltr'>est</span> <span class='ocrx_word' id='word_1_101' title='bbox 565 1427 601 1479; x_wconf 90' lang='lat' dir='ltr'>de</span> <span class='ocrx_word' id='word_1_102' title='bbox 622 1426 757 1481; x_wconf 86' lang='lat' dir='ltr'>Essentia</span> <span class='ocrx_word' id='word_1_103' title='bbox 778 1426 843 1492; x_wconf 80' lang='lat' dir='ltr'>Dei3</span> <span class='ocrx_word' id='word_1_104' title='bbox 864 1427 997 1494; x_wconf 84' lang='lat' dir='ltr'>adeoque</span> <span class='ocrx_word' id='word_1_105' title='bbox 1015 1428 1080 1495; x_wconf 87' lang='lat' dir='ltr'>ipsa</span> <span class='ocrx_word' id='word_1_106' title='bbox 1099 1426 1202 1480; x_wconf 81' lang='lat' dir='ltr'>divina</span> <span class='ocrx_word' id='word_1_107' title='bbox 1215 1426 1355 1481; x_wconf 84' lang='lat' dir='ltr'>Essentia</span> 
     </span>
     <span class='ocr_line' id='line_1_12' title="bbox 175 1505 1353 1574; baseline 0.003 -19"><span class='ocrx_word' id='word_1_108' title='bbox 175 1505 369 1571; x_wconf 81' lang='lat' dir='ltr'>quantumvis</span> <span class='ocrx_word' id='word_1_109' title='bbox 388 1506 507 1574; x_wconf 82' lang='lat' dir='ltr'>cognita</span> <span class='ocrx_word' id='word_1_110' title='bbox 527 1508 563 1557; x_wconf 83' lang='lat' dir='ltr'>ab</span> <span class='ocrx_word' id='word_1_111' title='bbox 584 1507 738 1561; x_wconf 80' lang='lat' dir='ltr'>intellectu</span> <span class='ocrx_word' id='word_1_112' title='bbox 757 1507 869 1569; x_wconf 82' lang='lat' dir='ltr'>divino,</span> <span class='ocrx_word' id='word_1_113' title='bbox 891 1521 950 1558; x_wconf 91' lang='lat' dir='ltr'>non</span> <span class='ocrx_word' id='word_1_114' title='bbox 969 1510 1065 1574; x_wconf 88' lang='lat' dir='ltr'>potest</span> <span class='ocrx_word' id='word_1_115' title='bbox 1085 1507 1193 1561; x_wconf 86' lang='lat' dir='ltr'>habere</span> <span class='ocrx_word' id='word_1_116' title='bbox 1208 1507 1353 1561; x_wconf 90' lang='lat' dir='ltr'>rationem</span> 
     </span>
     <span class='ocr_line' id='line_1_13' title="bbox 176 1584 422 1638; baseline 0.008 -2"><span class='ocrx_word' id='word_1_117' title='bbox 176 1584 254 1636; x_wconf 87' lang='lat' dir='ltr'>ent&#39;s</span> <span class='ocrx_word' id='word_1_118' title='bbox 273 1584 422 1638; x_wconf 87' lang='lat' dir='ltr'>diminuti.</span> 
     </span>
    </p>

    <p class='ocr_par' dir='ltr' id='par_1_3' title="bbox 175 1663 1358 3074">
     <span class='ocr_line' id='line_1_14' title="bbox 213 1663 1356 1737; baseline 0.003 -21"><span class='ocrx_word' id='word_1_119' title='bbox 213 1663 311 1717; x_wconf 72' lang='lat' dir='ltr'>Duras</span> <span class='ocrx_word' id='word_1_120' title='bbox 330 1666 358 1717; x_wconf 83' lang='lat' dir='ltr'>i:</span> <span class='ocrx_word' id='word_1_121' title='bbox 380 1665 424 1719; x_wconf 72' lang='lat' dir='ltr'>lix</span> <span class='ocrx_word' id='word_1_122' title='bbox 444 1667 529 1721; x_wconf 87' lang='lat' dir='ltr'>dictis</span> <span class='ocrx_word' id='word_1_123' title='bbox 548 1672 663 1721; x_wconf 83' lang='lat' dir='ltr'>constat</span> <span class='ocrx_word' id='word_1_124' title='bbox 682 1667 838 1721; x_wconf 90' lang='lat' dir='ltr'>Doctorem</span> <span class='ocrx_word' id='word_1_125' title='bbox 858 1665 1004 1719; x_wconf 87' lang='lat' dir='ltr'>affirmare</span> <span class='ocrx_word' id='word_1_126' title='bbox 1023 1664 1099 1718; x_wconf 93' lang='lat' dir='ltr'>illud</span> <span class='ocrx_word' id='word_1_127' title='bbox 1118 1682 1183 1719; x_wconf 90' lang='lat' dir='ltr'>esse</span> <span class='ocrx_word' id='word_1_128' title='bbox 1202 1667 1356 1737; x_wconf 86' lang='lat' dir='ltr'>cognitum</span> 
     </span>
     <span class='ocr_line' id='line_1_15' title="bbox 178 1745 1356 1813; baseline 0.005 -18"><span class='ocrx_word' id='word_1_129' title='bbox 178 1748 207 1796; x_wconf 89' lang='lat' dir='ltr'>et</span> <span class='ocrx_word' id='word_1_130' title='bbox 219 1759 272 1797; x_wconf 91' lang='lat' dir='ltr'>ens</span> <span class='ocrx_word' id='word_1_131' title='bbox 286 1745 466 1799; x_wconf 90' lang='lat' dir='ltr'>diminutum</span> <span class='ocrx_word' id='word_1_132' title='bbox 487 1762 551 1800; x_wconf 87' lang='lat' dir='ltr'>esse</span> <span class='ocrx_word' id='word_1_133' title='bbox 564 1747 791 1800; x_wconf 86' lang='lat' dir='ltr'>tundamentum</span> <span class='ocrx_word' id='word_1_134' title='bbox 806 1745 957 1798; x_wconf 83' lang='lat' dir='ltr'>relationis</span> <span class='ocrx_word' id='word_1_135' title='bbox 969 1745 1106 1797; x_wconf 92' lang='lat' dir='ltr'>rationis:</span> <span class='ocrx_word' id='word_1_136' title='bbox 1121 1760 1192 1813; x_wconf 87' lang='lat' dir='ltr'>ergo</span> <span class='ocrx_word' id='word_1_137' title='bbox 1205 1760 1243 1799; x_wconf 85' lang='lat' dir='ltr'>ex</span> <span class='ocrx_word' id='word_1_138' title='bbox 1257 1752 1356 1801; x_wconf 82' lang='lat' dir='ltr'>mente</span> 
     </span>
     <span class='ocr_line' id='line_1_16' title="bbox 178 1824 1356 1891; baseline 0.003 -16"><span class='ocrx_word' id='word_1_139' title='bbox 178 1824 322 1887; x_wconf 85' lang='lat' dir='ltr'>lloctoris,</span> <span class='ocrx_word' id='word_1_140' title='bbox 335 1826 381 1878; x_wconf 85' lang='lat' dir='ltr'>rel</span> <span class='ocrx_word' id='word_1_141' title='bbox 405 1826 544 1880; x_wconf 88' lang='lat' dir='ltr'>illudens</span> <span class='ocrx_word' id='word_1_142' title='bbox 563 1827 742 1880; x_wconf 91' lang='lat' dir='ltr'>diminutum</span> <span class='ocrx_word' id='word_1_143' title='bbox 763 1830 881 1879; x_wconf 90' lang='lat' dir='ltr'>nonest</span> <span class='ocrx_word' id='word_1_144' title='bbox 899 1841 951 1877; x_wconf 91' lang='lat' dir='ltr'>ens</span> <span class='ocrx_word' id='word_1_145' title='bbox 973 1824 1103 1891; x_wconf 89' lang='lat' dir='ltr'>rationis,</span> <span class='ocrx_word' id='word_1_146' title='bbox 1115 1825 1161 1878; x_wconf 84' lang='lat' dir='ltr'>rel</span> <span class='ocrx_word' id='word_1_147' title='bbox 1176 1825 1288 1879; x_wconf 83' lang='lat' dir='ltr'>Doctor</span> <span class='ocrx_word' id='word_1_148' title='bbox 1300 1827 1356 1880; x_wconf 86' lang='lat' dir='ltr'>sibi</span> 
     </span>
     <span class='ocr_line' id='line_1_17' title="bbox 178 1903 1358 1972; baseline 0.003 -18"><span class='ocrx_word' id='word_1_149' title='bbox 178 1903 233 1972; x_wconf 88' lang='lat' dir='ltr'>ipsi</span> <span class='ocrx_word' id='word_1_150' title='bbox 254 1906 439 1961; x_wconf 84' lang='lat' dir='ltr'>contradicit.</span> <span class='ocrx_word' id='word_1_151' title='bbox 461 1938 496 1945; x_wconf 96' lang='lat'>—</span> <span class='ocrx_word' id='word_1_152' title='bbox 514 1909 696 1972; x_wconf 80' lang='lat' dir='ltr'>Respondao</span> <span class='ocrx_word' id='word_1_153' title='bbox 716 1906 871 1960; x_wconf 81' lang='lat' dir='ltr'>Ductorem</span> <span class='ocrx_word' id='word_1_154' title='bbox 887 1905 995 1957; x_wconf 90' lang='lat' dir='ltr'>ideirco</span> <span class='ocrx_word' id='word_1_155' title='bbox 1009 1904 1084 1957; x_wconf 92' lang='lat' dir='ltr'>illud</span> <span class='ocrx_word' id='word_1_156' title='bbox 1098 1921 1150 1957; x_wconf 83' lang='lat' dir='ltr'>ens</span> <span class='ocrx_word' id='word_1_157' title='bbox 1172 1903 1358 1958; x_wconf 80' lang='lat' dir='ltr'>diminutum</span> 
     </span>
     <span class='ocr_line' id='line_1_18' title="bbox 177 1984 1357 2054; baseline 0.002 -19"><span class='ocrx_word' id='word_1_158' title='bbox 177 1984 327 2051; x_wconf 90' lang='lat' dir='ltr'>appellare</span> <span class='ocrx_word' id='word_1_159' title='bbox 346 1986 458 2054; x_wconf 90' lang='lat' dir='ltr'>aliquid</span> <span class='ocrx_word' id='word_1_160' title='bbox 479 1987 659 2051; x_wconf 89' lang='lat' dir='ltr'>absolutum,</span> <span class='ocrx_word' id='word_1_161' title='bbox 680 1986 751 2054; x_wconf 90' lang='lat' dir='ltr'>quia</span> <span class='ocrx_word' id='word_1_162' title='bbox 772 1985 911 2037; x_wconf 89' lang='lat' dir='ltr'>nimirum</span> <span class='ocrx_word' id='word_1_163' title='bbox 931 1986 1099 2053; x_wconf 74' lang='lat' dir='ltr'>coneipitur</span> <span class='ocrx_word' id='word_1_164' title='bbox 1112 1985 1149 2037; x_wconf 93' lang='lat' dir='ltr'>ad</span> <span class='ocrx_word' id='word_1_165' title='bbox 1164 1984 1283 2037; x_wconf 90' lang='lat' dir='ltr'>modurn</span> <span class='ocrx_word' id='word_1_166' title='bbox 1304 1985 1357 2037; x_wconf 89' lang='lat' dir='ltr'>ali·</span> 
     </span>
     <span class='ocr_line' id='line_1_19' title="bbox 177 2063 1357 2133; baseline 0.001 -17"><span class='ocrx_word' id='word_1_167' title='bbox 177 2063 265 2130; x_wconf 86' lang='lat' dir='ltr'>cujus</span> <span class='ocrx_word' id='word_1_168' title='bbox 284 2070 384 2117; x_wconf 83' lang='lat' dir='ltr'>loreia·</span> <span class='ocrx_word' id='word_1_169' title='bbox 405 2068 575 2122; x_wconf 86' lang='lat' dir='ltr'>resultantis</span> <span class='ocrx_word' id='word_1_170' title='bbox 595 2082 632 2118; x_wconf 83' lang='lat' dir='ltr'>es</span> <span class='ocrx_word' id='word_1_171' title='bbox 651 2066 820 2133; x_wconf 87' lang='lat' dir='ltr'>cognitione</span> <span class='ocrx_word' id='word_1_172' title='bbox 840 2065 902 2116; x_wconf 80' lang='lat' dir='ltr'>veri</span> <span class='ocrx_word' id='word_1_173' title='bbox 922 2064 998 2118; x_wconf 78' lang='lat' dir='ltr'>(artis</span> <span class='ocrx_word' id='word_1_174' title='bbox 1012 2070 1042 2118; x_wconf 91' lang='lat' dir='ltr'>ct</span> <span class='ocrx_word' id='word_1_175' title='bbox 1054 2065 1212 2119; x_wconf 87' lang='lat' dir='ltr'>tribuentis</span> <span class='ocrx_word' id='word_1_176' title='bbox 1226 2064 1357 2118; x_wconf 90' lang='lat' dir='ltr'>donomi-</span> 
     </span>
     <span class='ocr_line' id='line_1_20' title="bbox 178 2144 1358 2216; baseline 0.002 -22"><span class='ocrx_word' id='word_1_177' title='bbox 178 2144 329 2197; x_wconf 85' lang='lat' dir='ltr'>nationem</span> <span class='ocrx_word' id='word_1_178' title='bbox 348 2147 425 2199; x_wconf 87' lang='lat' dir='ltr'>entis</span> <span class='ocrx_word' id='word_1_179' title='bbox 445 2149 566 2216; x_wconf 80' lang='lat' dir='ltr'>cogniti,</span> <span class='ocrx_word' id='word_1_180' title='bbox 587 2162 654 2215; x_wconf 74' lang='lat' dir='ltr'>qua.¹</span> <span class='ocrx_word' id='word_1_181' title='bbox 675 2145 788 2198; x_wconf 85' lang='lat' dir='ltr'>seilicet</span> <span class='ocrx_word' id='word_1_182' title='bbox 807 2145 899 2198; x_wconf 85' lang='lat' dir='ltr'>torma</span> <span class='ocrx_word' id='word_1_183' title='bbox 914 2144 1061 2198; x_wconf 84' lang='lat' dir='ltr'>resultans</span> <span class='ocrx_word' id='word_1_184' title='bbox 1074 2146 1162 2199; x_wconf 90' lang='lat' dir='ltr'>etiam</span> <span class='ocrx_word' id='word_1_185' title='bbox 1190 2144 1358 2213; x_wconf 84' lang='lat' dir='ltr'>concipitur</span> 
     </span>
     <span class='ocr_line' id='line_1_21' title="bbox 178 2224 1353 2293; baseline 0.002 -17"><span class='ocrx_word' id='word_1_186' title='bbox 178 2229 212 2276; x_wconf 90' lang='lat' dir='ltr'>ut</span> <span class='ocrx_word' id='word_1_187' title='bbox 231 2224 359 2277; x_wconf 88' lang='lat' dir='ltr'>l&#39;undans</span> <span class='ocrx_word' id='word_1_188' title='bbox 381 2225 551 2279; x_wconf 86' lang='lat' dir='ltr'>relationem</span> <span class='ocrx_word' id='word_1_189' title='bbox 564 2227 601 2279; x_wconf 90' lang='lat' dir='ltr'>ad</span> <span class='ocrx_word' id='word_1_190' title='bbox 623 2225 651 2278; x_wconf 89' lang='lat' dir='ltr'>id</span> <span class='ocrx_word' id='word_1_191' title='bbox 671 2241 687 2278; x_wconf 89' lang='lat' dir='ltr'>a</span> <span class='ocrx_word' id='word_1_192' title='bbox 708 2240 766 2293; x_wconf 90' lang='lat' dir='ltr'>quo</span> <span class='ocrx_word' id='word_1_193' title='bbox 787 2224 909 2278; x_wconf 89' lang='lat' dir='ltr'>resultat</span> <span class='ocrx_word' id='word_1_194' title='bbox 929 2225 1013 2279; x_wconf 89' lang='lat' dir='ltr'>etad</span> <span class='ocrx_word' id='word_1_195' title='bbox 1034 2225 1062 2277; x_wconf 92' lang='lat' dir='ltr'>id</span> <span class='ocrx_word' id='word_1_196' title='bbox 1077 2226 1155 2293; x_wconf 91' lang='lat' dir='ltr'>quod</span> <span class='ocrx_word' id='word_1_197' title='bbox 1170 2225 1353 2279; x_wconf 85' lang='lat' dir='ltr'>denominat.</span> 
     </span>
     <span class='ocr_line' id='line_1_22' title="bbox 181 2302 1357 2372; baseline 0.003 -18"><span class='ocrx_word' id='word_1_198' title='bbox 181 2302 249 2355; x_wconf 73' lang='lat' dir='ltr'>llere</span> <span class='ocrx_word' id='word_1_199' title='bbox 270 2310 367 2356; x_wconf 73' lang='lat' dir='ltr'>tannen</span> <span class='ocrx_word' id='word_1_200' title='bbox 388 2310 481 2358; x_wconf 86' lang='lat' dir='ltr'>torma</span> <span class='ocrx_word' id='word_1_201' title='bbox 499 2306 704 2370; x_wconf 89' lang='lat' dir='ltr'>denominans,</span> <span class='ocrx_word' id='word_1_202' title='bbox 719 2310 748 2358; x_wconf 92' lang='lat' dir='ltr'>et</span> <span class='ocrx_word' id='word_1_203' title='bbox 762 2304 864 2357; x_wconf 90' lang='lat' dir='ltr'>relatio</span> <span class='ocrx_word' id='word_1_204' title='bbox 877 2305 914 2357; x_wconf 90' lang='lat' dir='ltr'>ad</span> <span class='ocrx_word' id='word_1_205' title='bbox 928 2305 1162 2372; x_wconf 88' lang='lat' dir='ltr'>denominatum,</span> <span class='ocrx_word' id='word_1_206' title='bbox 1178 2302 1252 2357; x_wconf 88' lang='lat' dir='ltr'>nibil</span> <span class='ocrx_word' id='word_1_207' title='bbox 1274 2305 1304 2357; x_wconf 91' lang='lat' dir='ltr'>in</span> <span class='ocrx_word' id='word_1_208' title='bbox 1325 2320 1357 2357; x_wconf 88' lang='lat' dir='ltr'>se</span> 
     </span>
     <span class='ocr_line' id='line_1_23' title="bbox 180 2382 1357 2454; baseline 0.002 -20"><span class='ocrx_word' id='word_1_209' title='bbox 180 2382 323 2436; x_wconf 84' lang='lat' dir='ltr'>realitatis</span> <span class='ocrx_word' id='word_1_210' title='bbox 338 2385 456 2443; x_wconf 76' lang='lat' dir='ltr'>liabent.</span> <span class='ocrx_word' id='word_1_211' title='bbox 478 2385 528 2438; x_wconf 87' lang='lat' dir='ltr'>sed</span> <span class='ocrx_word' id='word_1_212' title='bbox 542 2391 612 2439; x_wconf 88' lang='lat' dir='ltr'>sunt</span> <span class='ocrx_word' id='word_1_213' title='bbox 629 2400 737 2454; x_wconf 91' lang='lat' dir='ltr'>purum</span> <span class='ocrx_word' id='word_1_214' title='bbox 758 2400 811 2437; x_wconf 84' lang='lat' dir='ltr'>ens</span> <span class='ocrx_word' id='word_1_215' title='bbox 827 2386 957 2443; x_wconf 83' lang='lat' dir='ltr'>rationis,</span> <span class='ocrx_word' id='word_1_216' title='bbox 972 2401 1031 2438; x_wconf 93' lang='lat' dir='ltr'>nou</span> <span class='ocrx_word' id='word_1_217' title='bbox 1045 2385 1164 2453; x_wconf 87' lang='lat' dir='ltr'>quidem</span> <span class='ocrx_word' id='word_1_218' title='bbox 1178 2386 1291 2453; x_wconf 89' lang='lat' dir='ltr'>fletum,</span> <span class='ocrx_word' id='word_1_219' title='bbox 1305 2384 1357 2439; x_wconf 86' lang='lat' dir='ltr'>aed</span> 
     </span>
     <span class='ocr_line' id='line_1_24' title="bbox 178 2461 1356 2534; baseline 0.003 -21"><span class='ocrx_word' id='word_1_220' title='bbox 178 2461 273 2514; x_wconf 82' lang='lat' dir='ltr'>veluti</span> <span class='ocrx_word' id='word_1_221' title='bbox 294 2479 346 2530; x_wconf 93' lang='lat' dir='ltr'>per</span> <span class='ocrx_word' id='word_1_222' title='bbox 366 2464 580 2521; x_wconf 83' lang='lat' dir='ltr'>resultantium.</span> <span class='ocrx_word' id='word_1_223' title='bbox 609 2482 675 2519; x_wconf 89' lang='lat' dir='ltr'>eum</span> <span class='ocrx_word' id='word_1_224' title='bbox 705 2465 784 2517; x_wconf 83' lang='lat' dir='ltr'>eninr</span> <span class='ocrx_word' id='word_1_225' title='bbox 805 2480 857 2517; x_wconf 89' lang='lat' dir='ltr'>ens</span> <span class='ocrx_word' id='word_1_226' title='bbox 879 2466 999 2519; x_wconf 86' lang='lat' dir='ltr'>rationis</span> <span class='ocrx_word' id='word_1_227' title='bbox 1019 2470 1181 2534; x_wconf 84' lang='lat' dir='ltr'>consurgat</span> <span class='ocrx_word' id='word_1_228' title='bbox 1199 2480 1236 2517; x_wconf 84' lang='lat' dir='ltr'>ex</span> <span class='ocrx_word' id='word_1_229' title='bbox 1255 2464 1356 2533; x_wconf 87' lang='lat' dir='ltr'>cogni-</span> 
     </span>
     <span class='ocr_line' id='line_1_25' title="bbox 178 2542 1355 2614; baseline 0.001 -20"><span class='ocrx_word' id='word_1_230' title='bbox 178 2542 259 2594; x_wconf 89' lang='lat' dir='ltr'>tione</span> <span class='ocrx_word' id='word_1_231' title='bbox 280 2543 340 2594; x_wconf 81' lang='lat' dir='ltr'>reri</span> <span class='ocrx_word' id='word_1_232' title='bbox 354 2544 441 2599; x_wconf 85' lang='lat' dir='ltr'>entis.</span> <span class='ocrx_word' id='word_1_233' title='bbox 463 2559 592 2612; x_wconf 78' lang='lat' dir='ltr'>euntque</span> <span class='ocrx_word' id='word_1_234' title='bbox 611 2546 706 2598; x_wconf 89' lang='lat' dir='ltr'>omnis</span> <span class='ocrx_word' id='word_1_235' title='bbox 725 2544 926 2598; x_wconf 90' lang='lat' dir='ltr'>denominatio</span> <span class='ocrx_word' id='word_1_236' title='bbox 949 2546 1025 2597; x_wconf 90' lang='lat' dir='ltr'>entis</span> <span class='ocrx_word' id='word_1_237' title='bbox 1045 2545 1159 2614; x_wconf 79' lang='lat' dir='ltr'>cogniti</span> <span class='ocrx_word' id='word_1_238' title='bbox 1179 2545 1218 2597; x_wconf 84' lang='lat' dir='ltr'>sit</span> <span class='ocrx_word' id='word_1_239' title='bbox 1236 2560 1291 2598; x_wconf 85' lang='lat' dir='ltr'>ens</span> <span class='ocrx_word' id='word_1_240' title='bbox 1311 2560 1355 2596; x_wconf 86' lang='lat' dir='ltr'>ra·</span> 
     </span>
     <span class='ocr_line' id='line_1_26' title="bbox 178 2622 1356 2693; baseline 0.003 -19"><span class='ocrx_word' id='word_1_241' title='bbox 178 2622 277 2687; x_wconf 86' lang='lat' dir='ltr'>tionis,</span> <span class='ocrx_word' id='word_1_242' title='bbox 299 2628 380 2689; x_wconf 89' lang='lat' dir='ltr'>patet</span> <span class='ocrx_word' id='word_1_243' title='bbox 398 2622 532 2676; x_wconf 78' lang='lat' dir='ltr'>divinum</span> <span class='ocrx_word' id='word_1_244' title='bbox 554 2624 747 2687; x_wconf 84' lang='lat' dir='ltr'>intellectum,</span> <span class='ocrx_word' id='word_1_245' title='bbox 770 2624 1030 2693; x_wconf 76' lang='lat' dir='ltr'>intelligentiores</span> <span class='ocrx_word' id='word_1_246' title='bbox 1051 2624 1214 2691; x_wconf 86' lang='lat' dir='ltr'>possibiles,</span> <span class='ocrx_word' id='word_1_247' title='bbox 1230 2624 1356 2678; x_wconf 74' lang='lat' dir='ltr'>formare</span> 
     </span>
     <span class='ocr_line' id='line_1_27' title="bbox 176 2703 1355 2774; baseline 0.002 -20"><span class='ocrx_word' id='word_1_248' title='bbox 176 2717 230 2755; x_wconf 90' lang='lat' dir='ltr'>ens</span> <span class='ocrx_word' id='word_1_249' title='bbox 253 2703 375 2756; x_wconf 81' lang='lat' dir='ltr'>rationis</span> <span class='ocrx_word' id='word_1_250' title='bbox 394 2720 454 2757; x_wconf 88' lang='lat' dir='ltr'>nen</span> <span class='ocrx_word' id='word_1_251' title='bbox 474 2720 525 2773; x_wconf 91' lang='lat' dir='ltr'>per</span> <span class='ocrx_word' id='word_1_252' title='bbox 544 2705 702 2768; x_wconf 80' lang='lat' dir='ltr'>fictionem,</span> <span class='ocrx_word' id='word_1_253' title='bbox 722 2706 775 2758; x_wconf 87' lang='lat' dir='ltr'>sed</span> <span class='ocrx_word' id='word_1_254' title='bbox 794 2721 846 2774; x_wconf 91' lang='lat' dir='ltr'>per</span> <span class='ocrx_word' id='word_1_255' title='bbox 865 2705 1134 2758; x_wconf 85' lang='lat' dir='ltr'>denominationem</span> <span class='ocrx_word' id='word_1_256' title='bbox 1161 2709 1190 2757; x_wconf 91' lang='lat' dir='ltr'>et</span> <span class='ocrx_word' id='word_1_257' title='bbox 1211 2705 1355 2758; x_wconf 85' lang='lat' dir='ltr'>resultan-</span> 
     </span>
     <span class='ocr_line' id='line_1_28' title="bbox 178 2773 1352 2854; baseline 0.001 -19"><span class='ocrx_word' id='word_1_258' title='bbox 178 2783 259 2838; x_wconf 87' lang='lat' dir='ltr'>tiam.</span> <span class='ocrx_word' id='word_1_259' title='bbox 275 2798 309 2836; x_wconf 70' lang='lat' dir='ltr'>&lt;ro</span> <span class='ocrx_word' id='word_1_260' title='bbox 323 2773 437 2837; x_wconf 82' lang='lat' dir='ltr'>scilieet</span> <span class='ocrx_word' id='word_1_261' title='bbox 457 2784 542 2837; x_wconf 90' lang='lat' dir='ltr'>modo</span> <span class='ocrx_word' id='word_1_262' title='bbox 561 2801 620 2853; x_wconf 69' lang='lat' dir='ltr'>(quo</span> <span class='ocrx_word' id='word_1_263' title='bbox 640 2785 742 2837; x_wconf 87' lang='lat' dir='ltr'>oculus</span> <span class='ocrx_word' id='word_1_264' title='bbox 762 2801 918 2854; x_wconf 80' lang='lat' dir='ltr'>corporeus</span> <span class='ocrx_word' id='word_1_265' title='bbox 933 2783 1061 2837; x_wconf 84' lang='lat' dir='ltr'>ridenda</span> <span class='ocrx_word' id='word_1_266' title='bbox 1075 2785 1226 2852; x_wconf 89' lang='lat' dir='ltr'>parietem,</span> <span class='ocrx_word' id='word_1_267' title='bbox 1242 2784 1352 2838; x_wconf 88' lang='lat' dir='ltr'>dicitur</span> 
     </span>
     <span class='ocr_line' id='line_1_29' title="bbox 178 2863 1353 2940; baseline 0.001 -25"><span class='ocrx_word' id='word_1_268' title='bbox 178 2863 339 2932; x_wconf 89' lang='lat' dir='ltr'>producere</span> <span class='ocrx_word' id='word_1_269' title='bbox 358 2864 419 2917; x_wconf 87' lang='lat' dir='ltr'>Ens</span> <span class='ocrx_word' id='word_1_270' title='bbox 450 2866 569 2918; x_wconf 84' lang='lat' dir='ltr'>rationis</span> <span class='ocrx_word' id='word_1_271' title='bbox 598 2880 653 2940; x_wconf 89' lang='lat' dir='ltr'>per</span> <span class='ocrx_word' id='word_1_272' title='bbox 682 2865 896 2931; x_wconf 79' lang='lat' dir='ltr'>resultantium,</span> <span class='ocrx_word' id='word_1_273' title='bbox 926 2865 996 2933; x_wconf 81' lang='lat' dir='ltr'>quia</span> <span class='ocrx_word' id='word_1_274' title='bbox 1025 2879 1131 2932; x_wconf 91' lang='lat' dir='ltr'>nempe</span> <span class='ocrx_word' id='word_1_275' title='bbox 1160 2879 1218 2915; x_wconf 81' lang='lat' dir='ltr'>esse</span> <span class='ocrx_word' id='word_1_276' title='bbox 1249 2863 1353 2926; x_wconf 72' lang='lat' dir='ltr'>riserat,</span> 
     </span>
     <span class='ocr_line' id='line_1_30' title="bbox 175 2943 1354 3013; baseline 0 -19"><span class='ocrx_word' id='word_1_277' title='bbox 175 2943 257 3010; x_wconf 91' lang='lat' dir='ltr'>quod</span> <span class='ocrx_word' id='word_1_278' title='bbox 276 2943 445 2996; x_wconf 85' lang='lat' dir='ltr'>intellertus</span> <span class='ocrx_word' id='word_1_279' title='bbox 460 2945 589 3012; x_wconf 82' lang='lat' dir='ltr'>concipit</span> <span class='ocrx_word' id='word_1_280' title='bbox 610 2959 758 2996; x_wconf 88' lang='lat' dir='ltr'>remanere</span> <span class='ocrx_word' id='word_1_281' title='bbox 774 2944 803 2996; x_wconf 93' lang='lat' dir='ltr'>in</span> <span class='ocrx_word' id='word_1_282' title='bbox 817 2945 928 3012; x_wconf 90' lang='lat' dir='ltr'>pariete</span> <span class='ocrx_word' id='word_1_283' title='bbox 942 2950 1006 3013; x_wconf 90' lang='lat' dir='ltr'>post</span> <span class='ocrx_word' id='word_1_284' title='bbox 1020 2943 1174 3008; x_wconf 79' lang='lat' dir='ltr'>visionem,</span> <span class='ocrx_word' id='word_1_285' title='bbox 1189 2947 1234 2996; x_wconf 89' lang='lat' dir='ltr'>est</span> <span class='ocrx_word' id='word_1_286' title='bbox 1246 2958 1354 3011; x_wconf 89' lang='lat' dir='ltr'>purum</span> 
     </span>
     <span class='ocr_line' id='line_1_31' title="bbox 175 3023 376 3074; baseline 0 0"><span class='ocrx_word' id='word_1_287' title='bbox 175 3037 230 3074; x_wconf 88' lang='lat' dir='ltr'>ens</span> <span class='ocrx_word' id='word_1_288' title='bbox 246 3023 376 3074; x_wconf 89' lang='lat' dir='ltr'>rationis.</span> 
     </span>
    </p>

    <p class='ocr_par' dir='ltr' id='par_1_4' title="bbox 174 3099 1365 4205">
     <span class='ocr_line' id='line_1_32' title="bbox 232 3099 1356 3172; baseline -0.004 -15"><span class='ocrx_word' id='word_1_289' title='bbox 232 3099 518 3158; x_wconf 72' lang='lat' dir='ltr'>corollarium</span> <span class='ocrx_word' id='word_1_290' title='bbox 539 3103 571 3158; x_wconf 90' lang='lat'>1.</span> <span class='ocrx_word' id='word_1_291' title='bbox 586 3133 621 3140; x_wconf 95' lang='lat'>—</span> <span class='ocrx_word' id='word_1_292' title='bbox 635 3101 678 3154; x_wconf 83' lang='lat' dir='ltr'>Es</span> <span class='ocrx_word' id='word_1_293' title='bbox 699 3103 744 3153; x_wconf 87' lang='lat' dir='ltr'>lris</span> <span class='ocrx_word' id='word_1_294' title='bbox 764 3101 872 3170; x_wconf 77' lang='lat' dir='ltr'>collige</span> <span class='ocrx_word' id='word_1_295' title='bbox 886 3104 910 3155; x_wconf 87' lang='lat' dir='ltr'>l.</span> <span class='ocrx_word' id='word_1_296' title='bbox 927 3119 1016 3170; x_wconf 85' lang='lat' dir='ltr'>quarn</span> <span class='ocrx_word' id='word_1_297' title='bbox 1032 3118 1182 3172; x_wconf 88' lang='lat' dir='ltr'>perperam</span> <span class='ocrx_word' id='word_1_298' title='bbox 1195 3100 1356 3169; x_wconf 77' lang='lat' dir='ltr'>Cajetauus</span> 
     </span>
     <span class='ocr_line' id='line_1_33' title="bbox 176 3180 1353 3250; baseline 0 -16"><span class='ocrx_word' id='word_1_299' title='bbox 176 3186 206 3234; x_wconf 90' lang='lat' dir='ltr'>et</span> <span class='ocrx_word' id='word_1_300' title='bbox 225 3180 362 3234; x_wconf 90' lang='lat' dir='ltr'>nonnulli</span> <span class='ocrx_word' id='word_1_301' title='bbox 384 3181 545 3235; x_wconf 72' lang='lat' dir='ltr'>Themista</span> <span class='ocrx_word' id='word_1_302' title='bbox 565 3180 673 3235; x_wconf 81' lang='lat' dir='ltr'>Subtili</span> <span class='ocrx_word' id='word_1_303' title='bbox 694 3180 812 3234; x_wconf 85' lang='lat' dir='ltr'>Iloctori</span> <span class='ocrx_word' id='word_1_304' title='bbox 834 3183 994 3250; x_wconf 82' lang='lat' dir='ltr'>imponant,</span> <span class='ocrx_word' id='word_1_305' title='bbox 1016 3183 1195 3236; x_wconf 85' lang='lat' dir='ltr'>affirmantes</span> <span class='ocrx_word' id='word_1_306' title='bbox 1215 3181 1353 3234; x_wconf 91' lang='lat' dir='ltr'>illumin</span> 
     </span>
     <span class='ocr_line' id='line_1_34' title="bbox 176 3260 1354 3330; baseline 0.001 -17"><span class='ocrx_word' id='word_1_307' title='bbox 176 3276 302 3314; x_wconf 89' lang='lat' dir='ltr'>errorem</span> <span class='ocrx_word' id='word_1_308' title='bbox 324 3261 448 3315; x_wconf 80' lang='lat' dir='ltr'>ll&#39;ieletii</span> <span class='ocrx_word' id='word_1_309' title='bbox 470 3262 595 3330; x_wconf 86' lang='lat' dir='ltr'>lapsum.</span> <span class='ocrx_word' id='word_1_310' title='bbox 617 3260 691 3314; x_wconf 89' lang='lat' dir='ltr'>Nam</span> <span class='ocrx_word' id='word_1_311' title='bbox 722 3268 756 3314; x_wconf 91' lang='lat' dir='ltr'>ut</span> <span class='ocrx_word' id='word_1_312' title='bbox 790 3264 875 3314; x_wconf 87' lang='lat' dir='ltr'>ret&#39;ert</span> <span class='ocrx_word' id='word_1_313' title='bbox 895 3261 1022 3315; x_wconf 79' lang='lat' dir='ltr'>Thomas</span> <span class='ocrx_word' id='word_1_314' title='bbox 1048 3262 1217 3314; x_wconf 88' lang='lat' dir='ltr'>Waldensis</span> <span class='ocrx_word' id='word_1_315' title='bbox 1238 3262 1304 3314; x_wconf 92' lang='lat' dir='ltr'>libr.</span> <span class='ocrx_word' id='word_1_316' title='bbox 1328 3263 1354 3314; x_wconf 90' lang='lat'>1.</span> 
     </span>
     <span class='ocr_line' id='line_1_35' title="bbox 178 3339 1357 3410; baseline 0.001 -18"><span class='ocrx_word' id='word_1_317' title='bbox 178 3339 259 3393; x_wconf 87' lang='lat' dir='ltr'>Fidei</span> <span class='ocrx_word' id='word_1_318' title='bbox 280 3341 410 3409; x_wconf 81' lang='lat' dir='ltr'>antiqua·</span> <span class='ocrx_word' id='word_1_319' title='bbox 430 3358 495 3410; x_wconf 65' lang='lat' dir='ltr'>(rap.</span> <span class='ocrx_word' id='word_1_320' title='bbox 518 3344 542 3395; x_wconf 87' lang='lat'>1.</span> <span class='ocrx_word' id='word_1_321' title='bbox 565 3342 595 3394; x_wconf 92' lang='lat' dir='ltr'>in</span> <span class='ocrx_word' id='word_1_322' title='bbox 615 3341 668 3394; x_wconf 87' lang='lat' dir='ltr'>boe</span> <span class='ocrx_word' id='word_1_323' title='bbox 688 3356 785 3393; x_wconf 89' lang='lat' dir='ltr'>errore</span> <span class='ocrx_word' id='word_1_324' title='bbox 806 3341 915 3395; x_wconf 86' lang='lat' dir='ltr'>ll&#39;iclet&#39;</span> <span class='ocrx_word' id='word_1_325' title='bbox 935 3343 1117 3404; x_wconf 80' lang='lat' dir='ltr'>versabatur,</span> <span class='ocrx_word' id='word_1_326' title='bbox 1139 3341 1218 3410; x_wconf 87' lang='lat' dir='ltr'>quod</span> <span class='ocrx_word' id='word_1_327' title='bbox 1248 3340 1357 3408; x_wconf 87' lang='lat' dir='ltr'>triplex</span> 
     </span>
     <span class='ocr_line' id='line_1_36' title="bbox 175 3421 1356 3489; baseline -0.001 -15"><span class='ocrx_word' id='word_1_328' title='bbox 175 3435 241 3474; x_wconf 77' lang='lat' dir='ltr'>esse</span> <span class='ocrx_word' id='word_1_329' title='bbox 260 3428 471 3478; x_wconf 84' lang='lat' dir='ltr'>ereaturarum.</span> <span class='ocrx_word' id='word_1_330' title='bbox 487 3422 627 3475; x_wconf 83' lang='lat' dir='ltr'>nimiunn</span> <span class='ocrx_word' id='word_1_331' title='bbox 642 3422 833 3489; x_wconf 69' lang='lat' dir='ltr'>intelligibile</span> <span class='ocrx_word' id='word_1_332' title='bbox 848 3423 876 3473; x_wconf 90' lang='lat' dir='ltr'>in</span> <span class='ocrx_word' id='word_1_333' title='bbox 888 3421 1042 3474; x_wconf 83' lang='lat' dir='ltr'>intellectu</span> <span class='ocrx_word' id='word_1_334' title='bbox 1055 3422 1167 3486; x_wconf 78' lang='lat' dir='ltr'>divino,</span> <span class='ocrx_word' id='word_1_335' title='bbox 1182 3421 1312 3475; x_wconf 87' lang='lat' dir='ltr'>virtuale</span> <span class='ocrx_word' id='word_1_336' title='bbox 1325 3421 1356 3473; x_wconf 92' lang='lat' dir='ltr'>in</span> 
     </span>
     <span class='ocr_line' id='line_1_37' title="bbox 174 3499 1365 3569; baseline -0.003 -16"><span class='ocrx_word' id='word_1_337' title='bbox 174 3502 273 3554; x_wconf 88' lang='lat' dir='ltr'>causis</span> <span class='ocrx_word' id='word_1_338' title='bbox 293 3501 441 3554; x_wconf 83' lang='lat' dir='ltr'>secundis.</span> <span class='ocrx_word' id='word_1_339' title='bbox 454 3506 483 3554; x_wconf 89' lang='lat' dir='ltr'>et</span> <span class='ocrx_word' id='word_1_340' title='bbox 501 3501 691 3555; x_wconf 86' lang='lat' dir='ltr'>entitatirum</span> <span class='ocrx_word' id='word_1_341' title='bbox 711 3501 742 3553; x_wconf 94' lang='lat' dir='ltr'>in</span> <span class='ocrx_word' id='word_1_342' title='bbox 761 3515 871 3569; x_wconf 82' lang='lat' dir='ltr'>genere</span> <span class='ocrx_word' id='word_1_343' title='bbox 890 3502 1006 3569; x_wconf 89' lang='lat' dir='ltr'>proprio</span> <span class='ocrx_word' id='word_1_344' title='bbox 1025 3501 1188 3569; x_wconf 87' lang='lat' dir='ltr'>appellarat</span> <span class='ocrx_word' id='word_1_345' title='bbox 1206 3517 1265 3554; x_wconf 78' lang='lat' dir='ltr'>erae</span> <span class='ocrx_word' id='word_1_346' title='bbox 1284 3499 1365 3553; x_wconf 81' lang='lat' dir='ltr'>sim·.</span> 
     </span>
     <span class='ocr_line' id='line_1_38' title="bbox 175 3579 1359 3648; baseline 0 -15"><span class='ocrx_word' id='word_1_347' title='bbox 175 3579 299 3648; x_wconf 73' lang='lat' dir='ltr'>pliciter,</span> <span class='ocrx_word' id='word_1_348' title='bbox 322 3581 362 3633; x_wconf 88' lang='lat' dir='ltr'>ita</span> <span class='ocrx_word' id='word_1_349' title='bbox 381 3581 459 3648; x_wconf 73' lang='lat' dir='ltr'>&lt;prod</span> <span class='ocrx_word' id='word_1_350' title='bbox 482 3595 547 3633; x_wconf 85' lang='lat' dir='ltr'>esse</span> <span class='ocrx_word' id='word_1_351' title='bbox 569 3581 760 3646; x_wconf 82' lang='lat' dir='ltr'>objeetirum,</span> <span class='ocrx_word' id='word_1_352' title='bbox 791 3580 869 3647; x_wconf 69' lang='lat' dir='ltr'>‹qrrod</span> <span class='ocrx_word' id='word_1_353' title='bbox 890 3581 998 3633; x_wconf 84' lang='lat' dir='ltr'>liabent</span> <span class='ocrx_word' id='word_1_354' title='bbox 1016 3584 1159 3634; x_wconf 69' lang='lat' dir='ltr'>creaturae</span> <span class='ocrx_word' id='word_1_355' title='bbox 1178 3581 1210 3634; x_wconf 94' lang='lat' dir='ltr'>in</span> <span class='ocrx_word' id='word_1_356' title='bbox 1239 3580 1359 3636; x_wconf 87' lang='lat' dir='ltr'>intelle-</span> 
     </span>
     <span class='ocr_line' id='line_1_39' title="bbox 177 3659 1354 3730; baseline 0 -18"><span class='ocrx_word' id='word_1_357' title='bbox 177 3664 229 3712; x_wconf 87' lang='lat' dir='ltr'>ctu</span> <span class='ocrx_word' id='word_1_358' title='bbox 249 3660 360 3714; x_wconf 80' lang='lat' dir='ltr'>divino.</span> <span class='ocrx_word' id='word_1_359' title='bbox 382 3665 442 3711; x_wconf 90' lang='lat' dir='ltr'>tam</span> <span class='ocrx_word' id='word_1_360' title='bbox 464 3660 541 3712; x_wconf 87' lang='lat' dir='ltr'>reale</span> <span class='ocrx_word' id='word_1_361' title='bbox 561 3660 599 3714; x_wconf 88' lang='lat' dir='ltr'>sit</span> <span class='ocrx_word' id='word_1_362' title='bbox 619 3675 653 3710; x_wconf 86' lang='lat' dir='ltr'>ae</span> <span class='ocrx_word' id='word_1_363' title='bbox 672 3674 736 3712; x_wconf 85' lang='lat' dir='ltr'>esse</span> <span class='ocrx_word' id='word_1_364' title='bbox 755 3659 943 3712; x_wconf 84' lang='lat' dir='ltr'>entitatirum</span> <span class='ocrx_word' id='word_1_365' title='bbox 964 3659 1043 3727; x_wconf 61' lang='lat' dir='ltr'>equod</span> <span class='ocrx_word' id='word_1_366' title='bbox 1064 3660 1173 3714; x_wconf 90' lang='lat' dir='ltr'>babent</span> <span class='ocrx_word' id='word_1_367' title='bbox 1192 3661 1223 3713; x_wconf 92' lang='lat' dir='ltr'>in</span> <span class='ocrx_word' id='word_1_368' title='bbox 1248 3661 1354 3730; x_wconf 80' lang='lat' dir='ltr'>seipsis</span> 
     </span>
     <span class='ocr_line' id='line_1_40' title="bbox 177 3737 1355 3808; baseline 0 -17"><span class='ocrx_word' id='word_1_369' title='bbox 177 3738 248 3791; x_wconf 89' lang='lat' dir='ltr'>dum</span> <span class='ocrx_word' id='word_1_370' title='bbox 268 3739 411 3804; x_wconf 56' lang='lat' dir='ltr'>‹esistunt3</span> <span class='ocrx_word' id='word_1_371' title='bbox 434 3738 555 3807; x_wconf 84' lang='lat' dir='ltr'>insuper</span> <span class='ocrx_word' id='word_1_372' title='bbox 573 3739 737 3791; x_wconf 83' lang='lat' dir='ltr'>affirmabat</span> <span class='ocrx_word' id='word_1_373' title='bbox 757 3737 832 3790; x_wconf 92' lang='lat' dir='ltr'>illud</span> <span class='ocrx_word' id='word_1_374' title='bbox 847 3755 910 3790; x_wconf 85' lang='lat' dir='ltr'>esse</span> <span class='ocrx_word' id='word_1_375' title='bbox 926 3738 1114 3808; x_wconf 72' lang='lat' dir='ltr'>intelligibile</span> <span class='ocrx_word' id='word_1_376' title='bbox 1128 3740 1244 3808; x_wconf 88' lang='lat' dir='ltr'>proprie</span> <span class='ocrx_word' id='word_1_377' title='bbox 1256 3744 1287 3794; x_wconf 87' lang='lat' dir='ltr'>et</span> <span class='ocrx_word' id='word_1_378' title='bbox 1299 3741 1355 3793; x_wconf 87' lang='lat' dir='ltr'>ior-</span> 
     </span>
     <span class='ocr_line' id='line_1_41' title="bbox 178 3817 1355 3888; baseline 0.003 -18"><span class='ocrx_word' id='word_1_379' title='bbox 178 3817 296 3870; x_wconf 89' lang='lat' dir='ltr'>maliter</span> <span class='ocrx_word' id='word_1_380' title='bbox 308 3835 371 3871; x_wconf 80' lang='lat' dir='ltr'>esse</span> <span class='ocrx_word' id='word_1_381' title='bbox 387 3818 415 3870; x_wconf 90' lang='lat' dir='ltr'>in</span> <span class='ocrx_word' id='word_1_382' title='bbox 431 3818 502 3870; x_wconf 80' lang='lat' dir='ltr'>lieo.</span> <span class='ocrx_word' id='word_1_383' title='bbox 520 3818 605 3871; x_wconf 60' lang='lat' dir='ltr'>linde</span> <span class='ocrx_word' id='word_1_384' title='bbox 616 3818 814 3871; x_wconf 86' lang='lat' dir='ltr'>contendebat</span> <span class='ocrx_word' id='word_1_385' title='bbox 828 3818 923 3871; x_wconf 87' lang='lat' dir='ltr'>Denrn</span> <span class='ocrx_word' id='word_1_386' title='bbox 934 3819 1067 3872; x_wconf 88' lang='lat' dir='ltr'>absolute</span> <span class='ocrx_word' id='word_1_387' title='bbox 1081 3818 1256 3886; x_wconf 82' lang='lat' dir='ltr'>simpliciter</span> <span class='ocrx_word' id='word_1_388' title='bbox 1268 3835 1355 3888; x_wconf 78' lang='lat' dir='ltr'>posse</span> 
     </span>
     <span class='ocr_line' id='line_1_42' title="bbox 177 3897 1358 3965; baseline 0.001 -15"><span class='ocrx_word' id='word_1_389' title='bbox 177 3897 235 3950; x_wconf 86' lang='lat' dir='ltr'>diei</span> <span class='ocrx_word' id='word_1_390' title='bbox 256 3912 377 3964; x_wconf 78' lang='lat' dir='ltr'>equum,</span> <span class='ocrx_word' id='word_1_391' title='bbox 397 3899 525 3953; x_wconf 83' lang='lat' dir='ltr'>asinnnr.</span> <span class='ocrx_word' id='word_1_392' title='bbox 546 3905 614 3961; x_wconf 73' lang='lat' dir='ltr'>eti-‚3</span> <span class='ocrx_word' id='word_1_393' title='bbox 637 3899 694 3950; x_wconf 91' lang='lat' dir='ltr'>imo</span> <span class='ocrx_word' id='word_1_394' title='bbox 713 3905 743 3950; x_wconf 89' lang='lat' dir='ltr'>et</span> <span class='ocrx_word' id='word_1_395' title='bbox 761 3903 911 3950; x_wconf 88' lang='lat' dir='ltr'>creaturas</span> <span class='ocrx_word' id='word_1_396' title='bbox 939 3899 1049 3952; x_wconf 91' lang='lat' dir='ltr'>ratione</span> <span class='ocrx_word' id='word_1_397' title='bbox 1078 3898 1168 3965; x_wconf 83' lang='lat' dir='ltr'>hujus</span> <span class='ocrx_word' id='word_1_398' title='bbox 1188 3914 1253 3951; x_wconf 80' lang='lat' dir='ltr'>esse</span> <span class='ocrx_word' id='word_1_399' title='bbox 1273 3898 1358 3954; x_wconf 91' lang='lat' dir='ltr'>intel·</span> 
     </span>
     <span class='ocr_line' id='line_1_43' title="bbox 180 3977 1354 4046; baseline 0.003 -18"><span class='ocrx_word' id='word_1_400' title='bbox 180 3977 313 4046; x_wconf 79' lang='lat' dir='ltr'>ligiliilis.</span> <span class='ocrx_word' id='word_1_401' title='bbox 336 3977 366 4028; x_wconf 93' lang='lat' dir='ltr'>in</span> <span class='ocrx_word' id='word_1_402' title='bbox 387 3977 448 4029; x_wconf 82' lang='lat' dir='ltr'>lleo</span> <span class='ocrx_word' id='word_1_403' title='bbox 468 3978 629 4031; x_wconf 86' lang='lat' dir='ltr'>sorrnaliter</span> <span class='ocrx_word' id='word_1_404' title='bbox 642 3978 813 4040; x_wconf 83' lang='lat' dir='ltr'>existentes,</span> <span class='ocrx_word' id='word_1_405' title='bbox 835 3993 903 4031; x_wconf 88' lang='lat' dir='ltr'>rere</span> <span class='ocrx_word' id='word_1_406' title='bbox 919 3977 1012 4031; x_wconf 82' lang='lat' dir='ltr'>Deum</span> <span class='ocrx_word' id='word_1_407' title='bbox 1027 3977 1173 4046; x_wconf 90' lang='lat' dir='ltr'>appellari</span> <span class='ocrx_word' id='word_1_408' title='bbox 1186 3993 1272 4046; x_wconf 82' lang='lat' dir='ltr'>posse</span> <span class='ocrx_word' id='word_1_409' title='bbox 1284 3994 1354 4032; x_wconf 90' lang='lat' dir='ltr'>cou-</span> 
     </span>
     <span class='ocr_line' id='line_1_44' title="bbox 178 4055 1357 4126; baseline 0.002 -16"><span class='ocrx_word' id='word_1_410' title='bbox 178 4057 328 4112; x_wconf 85' lang='lat' dir='ltr'>tendebat:</span> <span class='ocrx_word' id='word_1_411' title='bbox 349 4056 426 4124; x_wconf 68' lang='lat' dir='ltr'>equod</span> <span class='ocrx_word' id='word_1_412' title='bbox 447 4063 608 4126; x_wconf 88' lang='lat' dir='ltr'>utrumque</span> <span class='ocrx_word' id='word_1_413' title='bbox 627 4073 716 4125; x_wconf 88' lang='lat' dir='ltr'>quarn</span> <span class='ocrx_word' id='word_1_414' title='bbox 737 4055 892 4110; x_wconf 85' lang='lat' dir='ltr'>aSubtilis</span> <span class='ocrx_word' id='word_1_415' title='bbox 913 4057 1046 4110; x_wconf 77' lang='lat' dir='ltr'>Decurris</span> <span class='ocrx_word' id='word_1_416' title='bbox 1066 4059 1215 4111; x_wconf 87' lang='lat' dir='ltr'>sententia</span> <span class='ocrx_word' id='word_1_417' title='bbox 1233 4059 1272 4112; x_wconf 89' lang='lat' dir='ltr'>sit</span> <span class='ocrx_word' id='word_1_418' title='bbox 1284 4059 1357 4112; x_wconf 87' lang='lat' dir='ltr'>alie-</span> 
     </span>
     <span class='ocr_line' id='line_1_45' title="bbox 178 4136 792 4205; baseline -0.002 -15"><span class='ocrx_word' id='word_1_419' title='bbox 178 4151 260 4202; x_wconf 89' lang='lat' dir='ltr'>num,</span> <span class='ocrx_word' id='word_1_420' title='bbox 282 4137 353 4189; x_wconf 86' lang='lat' dir='ltr'>satis</span> <span class='ocrx_word' id='word_1_421' title='bbox 373 4151 521 4204; x_wconf 83' lang='lat' dir='ltr'>superque</span> <span class='ocrx_word' id='word_1_422' title='bbox 540 4141 620 4205; x_wconf 83' lang='lat' dir='ltr'>patet</span> <span class='ocrx_word' id='word_1_423' title='bbox 638 4151 676 4190; x_wconf 83' lang='lat' dir='ltr'>ex</span> <span class='ocrx_word' id='word_1_424' title='bbox 695 4136 792 4190; x_wconf 90' lang='lat' dir='ltr'>dictis.</span> 
     </span>
    </p>

    <p class='ocr_par' dir='ltr' id='par_1_5' title="bbox 174 4216 1361 4686">
     <span class='ocr_line' id='line_1_46' title="bbox 233 4216 1361 4286; baseline -0.002 -12"><span class='ocrx_word' id='word_1_425' title='bbox 233 4216 519 4275; x_wconf 76' lang='lat' dir='ltr'>corollarium</span> <span class='ocrx_word' id='word_1_426' title='bbox 534 4218 588 4273; x_wconf 90' lang='lat'>11.</span> <span class='ocrx_word' id='word_1_427' title='bbox 603 4248 637 4256; x_wconf 94' lang='lat'><em>-</em></span> <span class='ocrx_word' id='word_1_428' title='bbox 653 4217 757 4286; x_wconf 76' lang='lat' dir='ltr'>Collipe</span> <span class='ocrx_word' id='word_1_429' title='bbox 770 4216 797 4269; x_wconf 76' lang='lat'>2.</span> <span class='ocrx_word' id='word_1_430' title='bbox 821 4221 969 4270; x_wconf 61' lang='lat' dir='ltr'>irritaturos</span> <span class='ocrx_word' id='word_1_431' title='bbox 988 4232 1046 4269; x_wconf 92' lang='lat' dir='ltr'>non</span> <span class='ocrx_word' id='word_1_432' title='bbox 1069 4218 1271 4284; x_wconf 73' lang='lat' dir='ltr'>representari</span> <span class='ocrx_word' id='word_1_433' title='bbox 1290 4225 1361 4272; x_wconf 83' lang='lat' dir='ltr'>artu</span> 
     </span>
     <span class='ocr_line' id='line_1_47' title="bbox 176 4296 1361 4366; baseline 0.002 -14"><span class='ocrx_word' id='word_1_434' title='bbox 176 4302 207 4352; x_wconf 83' lang='lat' dir='ltr'>et</span> <span class='ocrx_word' id='word_1_435' title='bbox 226 4298 388 4351; x_wconf 82' lang='lat' dir='ltr'>formaliter</span> <span class='ocrx_word' id='word_1_436' title='bbox 403 4299 433 4351; x_wconf 91' lang='lat' dir='ltr'>in</span> <span class='ocrx_word' id='word_1_437' title='bbox 453 4297 589 4352; x_wconf 71' lang='lat' dir='ltr'>iisseutia</span> <span class='ocrx_word' id='word_1_438' title='bbox 607 4297 710 4349; x_wconf 82' lang='lat' dir='ltr'>divina</span> <span class='ocrx_word' id='word_1_439' title='bbox 729 4303 888 4364; x_wconf 90' lang='lat' dir='ltr'>antequam</span> <span class='ocrx_word' id='word_1_440' title='bbox 908 4296 1133 4366; x_wconf 78' lang='lat' dir='ltr'>intelligantur3</span> <span class='ocrx_word' id='word_1_441' title='bbox 1150 4302 1211 4350; x_wconf 91' lang='lat' dir='ltr'>tum</span> <span class='ocrx_word' id='word_1_442' title='bbox 1235 4298 1307 4364; x_wconf 88' lang='lat' dir='ltr'>quia</span> <span class='ocrx_word' id='word_1_443' title='bbox 1326 4307 1361 4354; x_wconf 88' lang='lat' dir='ltr'>ut</span> 
     </span>
     <span class='ocr_line' id='line_1_48' title="bbox 175 4375 1358 4446; baseline 0.003 -16"><span class='ocrx_word' id='word_1_444' title='bbox 175 4379 221 4431; x_wconf 84' lang='lat' dir='ltr'>sie</span> <span class='ocrx_word' id='word_1_445' title='bbox 241 4383 382 4430; x_wconf 75' lang='lat' dir='ltr'>ereatura</span> <span class='ocrx_word' id='word_1_446' title='bbox 404 4393 462 4431; x_wconf 93' lang='lat' dir='ltr'>non</span> <span class='ocrx_word' id='word_1_447' title='bbox 482 4378 673 4431; x_wconf 88' lang='lat' dir='ltr'>continentur</span> <span class='ocrx_word' id='word_1_448' title='bbox 686 4377 717 4430; x_wconf 88' lang='lat' dir='ltr'>in</span> <span class='ocrx_word' id='word_1_449' title='bbox 731 4375 869 4429; x_wconf 86' lang='lat' dir='ltr'>Essentia</span> <span class='ocrx_word' id='word_1_450' title='bbox 881 4375 983 4428; x_wconf 86' lang='lat' dir='ltr'>‹lirina</span> <span class='ocrx_word' id='word_1_451' title='bbox 996 4377 1053 4429; x_wconf 86' lang='lat' dir='ltr'>nisi</span> <span class='ocrx_word' id='word_1_452' title='bbox 1068 4382 1220 4446; x_wconf 87' lang='lat' dir='ltr'>tamquam</span> <span class='ocrx_word' id='word_1_453' title='bbox 1234 4377 1358 4434; x_wconf 79' lang='lat' dir='ltr'>effectus</span> 
     </span>
     <span class='ocr_line' id='line_1_49' title="bbox 179 4455 1358 4526; baseline 0.002 -16"><span class='ocrx_word' id='word_1_454' title='bbox 179 4457 209 4510; x_wconf 93' lang='lat' dir='ltr'>in</span> <span class='ocrx_word' id='word_1_455' title='bbox 230 4471 337 4510; x_wconf 79' lang='lat' dir='ltr'>eausa:</span> <span class='ocrx_word' id='word_1_456' title='bbox 359 4458 442 4526; x_wconf 90' lang='lat' dir='ltr'>atqui</span> <span class='ocrx_word' id='word_1_457' title='bbox 470 4457 591 4511; x_wconf 80' lang='lat' dir='ltr'>effectus</span> <span class='ocrx_word' id='word_1_458' title='bbox 620 4471 680 4509; x_wconf 90' lang='lat' dir='ltr'>non</span> <span class='ocrx_word' id='word_1_459' title='bbox 709 4455 901 4509; x_wconf 89' lang='lat' dir='ltr'>continentur</span> <span class='ocrx_word' id='word_1_460' title='bbox 928 4460 997 4509; x_wconf 90' lang='lat' dir='ltr'>actu</span> <span class='ocrx_word' id='word_1_461' title='bbox 1017 4457 1047 4509; x_wconf 91' lang='lat' dir='ltr'>in</span> <span class='ocrx_word' id='word_1_462' title='bbox 1068 4472 1169 4522; x_wconf 85' lang='lat' dir='ltr'>eausa,</span> <span class='ocrx_word' id='word_1_463' title='bbox 1190 4455 1241 4511; x_wconf 86' lang='lat' dir='ltr'>sed</span> <span class='ocrx_word' id='word_1_464' title='bbox 1260 4457 1358 4512; x_wconf 82' lang='lat' dir='ltr'>solum</span> 
     </span>
     <span class='ocr_line' id='line_1_50' title="bbox 176 4534 1360 4604; baseline 0 -12"><span class='ocrx_word' id='word_1_465' title='bbox 176 4537 345 4592; x_wconf 87' lang='lat' dir='ltr'>eminenter</span> <span class='ocrx_word' id='word_1_466' title='bbox 363 4543 392 4591; x_wconf 88' lang='lat' dir='ltr'>et</span> <span class='ocrx_word' id='word_1_467' title='bbox 411 4537 596 4590; x_wconf 77' lang='lat' dir='ltr'>virtualiter:</span> <span class='ocrx_word' id='word_1_468' title='bbox 615 4549 686 4604; x_wconf 85' lang='lat' dir='ltr'>ergo</span> <span class='ocrx_word' id='word_1_469' title='bbox 699 4549 754 4588; x_wconf 89' lang='lat' dir='ltr'>nec</span> <span class='ocrx_word' id='word_1_470' title='bbox 766 4539 838 4588; x_wconf 89' lang='lat' dir='ltr'>actu</span> <span class='ocrx_word' id='word_1_471' title='bbox 850 4534 989 4590; x_wconf 90' lang='lat' dir='ltr'>distincte</span> <span class='ocrx_word' id='word_1_472' title='bbox 1009 4539 1275 4604; x_wconf 71' lang='lat' dir='ltr'>repraesentantur:</span> <span class='ocrx_word' id='word_1_473' title='bbox 1295 4542 1360 4593; x_wconf 89' lang='lat' dir='ltr'>tum</span> 
     </span>
     <span class='ocr_line' id='line_1_51' title="bbox 174 4615 1361 4686; baseline 0.002 -14"><span class='ocrx_word' id='word_1_474' title='bbox 174 4617 297 4686; x_wconf 83' lang='lat' dir='ltr'>quiesi</span> <span class='ocrx_word' id='word_1_475' title='bbox 316 4622 460 4671; x_wconf 71' lang='lat' dir='ltr'>creaturae</span> <span class='ocrx_word' id='word_1_476' title='bbox 481 4617 624 4670; x_wconf 84' lang='lat' dir='ltr'>habereut</span> <span class='ocrx_word' id='word_1_477' title='bbox 642 4629 706 4668; x_wconf 85' lang='lat' dir='ltr'>esse</span> <span class='ocrx_word' id='word_1_478' title='bbox 735 4619 977 4683; x_wconf 75' lang='lat' dir='ltr'>representatum</span> <span class='ocrx_word' id='word_1_479' title='bbox 996 4620 1026 4670; x_wconf 90' lang='lat' dir='ltr'>et</span> <span class='ocrx_word' id='word_1_480' title='bbox 1045 4615 1237 4686; x_wconf 77' lang='lat' dir='ltr'>intelligibile</span> <span class='ocrx_word' id='word_1_481' title='bbox 1256 4616 1288 4670; x_wconf 88' lang='lat' dir='ltr'>lu</span> <span class='ocrx_word' id='word_1_482' title='bbox 1308 4618 1361 4674; x_wconf 82' lang='lat' dir='ltr'>Es·</span> 
     </span>
    </p>
   </div>
   <div class='ocr_carea' id='block_1_3' title="bbox 0 0 1538 5400">
    <p class='ocr_par' dir='ltr' id='par_1_6' title="bbox 0 0 1538 5400">
     <span class='ocr_line' id='line_1_52' title="bbox 0 0 1538 5400; baseline 0 0"><span class='ocrx_word' id='word_1_483' title='bbox 0 0 1538 5400; x_wconf 95' lang='lat' dir='ltr'> </span> 
     </span>
    </p>
   </div>
  </div>
 </body>
</html>
