3067 5400
202 581 252 649 '28
342 601 392 649 AN
407 600 451 648 ET
476 599 657 653 QUALITER
680 599 772 648 DEUS
798 598 1009 647 CREATURAS
1033 597 1247 646 COGNOSCAT.

206 738 276 783 curn
296 724 420 777 scicntia
439 723 604 791 dependeat
622 724 660 777 ab
678 723 803 791 objecto,
824 723 926 776 divina
945 724 1076 792 cognitio
1095 723 1184 776 etiam
1204 722 1385 791 dependeret

208 820 225 857 a
244 805 396 857 creaturis:
416 802 547 857 isa-rona>
565 820 633 857 cum
652 804 777 857 scientia
796 804 1032 872 proportionetur
1050 803 1174 870 objecto,
1196 803 1294 871 sitque
1308 819 1381 871 prro-

203 884 331 937 stantior
349 888 401 935 ant
420 883 517 936 minus
536 884 666 952 perlecta
684 882 849 936 secundum
870 882 1009 950 majorem
1035 888 1087 936 aut
1114 883 1256 937 minorem
1275 882 1383 949 objneti

208 963 394 1033 dignitatern,
415 963 517 1015 divina
535 963 658 1017 scientia
677 962 833 1015 vilesceret
845 962 869 1015 si
885 962 915 1015 in
929 961 1077 1027 objectum
1091 967 1222 1015 creatum
1238 962 1382 1016 tenderet:

214 1042 314 1107 Tertio,
335 1058 402 1095 eum
422 1043 552 1112 cognitio
571 1043 677 1096 obiecti
697 1042 788 1095 creati
812 1058 872 1094 non
898 1042 937 1094 sit
964 1043 1173 1109 beatificativa‚
1194 1042 1246 1095 scd
1265 1046 1383 1095 tantum

208 1123 338 1193 cognitio
357 1123 423 1189 Dei:
444 1123 469 1176 si
488 1123 588 1191 aliqua
601 1122 658 1175 Dei
671 1123 803 1191 cognitio
816 1122 949 1175 tenderet
962 1121 1000 1174 ad
1013 1128 1188 1181 creaturam.
1210 1127 1385 1191 sequeretur

207 1203 339 1271 aliquam
359 1204 390 1255 in
410 1202 472 1255 Deo
491 1202 690 1272 cognitionem
711 1218 771 1254 non
789 1216 854 1255 csse
872 1201 1048 1267 beatificam:
1069 1217 1135 1270 quae
1165 1201 1264 1255 omnia
1282 1202 1385 1253 absur-

205 1283 330 1336 dissima
348 1288 428 1335 sunt:
448 1297 518 1351 crgo
537 1297 596 1334 non
616 1280 783 1335 asserenda.
799 1312 834 1319 -
846 1283 935 1349 Nego
947 1284 1145 1335 antecedens:
1166 1287 1195 1334 ct
1214 1281 1251 1334 ad
1280 1295 1383 1333 omnes

209 1363 291 1417 illins
310 1362 496 1431 probationes
515 1362 591 1429 dieo,
611 1378 646 1415 ea
659 1361 779 1430 quidem
794 1361 894 1415 omnia
905 1361 1034 1415 absurda
1046 1362 1155 1415 exinde
1169 1362 1251 1430 sequi
1266 1361 1383 1426 dobere,

208 1446 232 1497 si
253 1442 354 1495 divina
374 1442 499 1495 scientia
517 1441 650 1496 tenderet
669 1442 700 1494 in
720 1446 869 1495 creaturas
889 1457 948 1494 non
967 1441 1063 1495 solum
1084 1446 1235 1510 tamquam
1255 1443 1285 1494 in
1305 1441 1384 1508 obje-

209 1528 288 1578 ctum
309 1521 541 1585 terminantem,
562 1521 721 1575 sedetiam
743 1521 897 1588 motivum:
918 1537 986 1574 cum
1006 1526 1105 1576 autem
1126 1522 1246 1575 divinus
1266 1521 1383 1575 intelle-

208 1607 275 1657 ctus
288 1606 441 1654 moveatur
454 1601 549 1654 solum
564 1602 601 1654 ab
614 1601 750 1655 Essentia
764 1601 876 1669 divina,
891 1617 950 1654 non
964 1617 1033 1654 vero
1047 1617 1065 1654 a
1074 1603 1217 1655 creaturis
1230 1601 1267 1654 ad
1280 1616 1382 1654 carum

208 1683 419 1752 cognitiomun,
441 1682 503 1734 huc
522 1682 621 1735 omnia
640 1682 769 1735 absurda
782 1681 890 1734 <minda
903 1697 961 1734 non
977 1686 1155 1750 sequuntur:
1170 1683 1298 1735 maximo
1311 1682 1382 1748 quia

209 1770 350 1816 creatura·-
370 1766 486 1815 tanturn
506 1762 615 1815 liabent
635 1762 777 1816 rationein
797 1761 904 1828 olrjncti
924 1762 1099 1815 secundario
1114 1763 1299 1816 terminantis
1310 1763 1385 1816 divi-

210 1858 279 1897 nam
298 1843 507 1911 cognitionem.

263 1922 418 1975 Issrsnrs:
439 1919 469 1974 Si
490 1922 592 1975 divina
610 1923 735 1976 scicntia
749 1924 925 1976 terminetur
937 1921 1100 1977 tormalitcr
1113 1923 1150 1975 ad
1163 1938 1227 1976 esse
1241 1927 1383 1987 creatum,

203 2004 343 2071 sequitur
364 2001 444 2054 iilam
466 2017 524 2055 non
543 2018 608 2055 esse
636 2001 771 2055 absolute
797 2002 1004 2067 necessariam,
1031 2002 1082 2055 sed
1112 2002 1294 2069 mutabilem:
1315 2002 1384 2057 talis

209 2097 338 2150 namque
357 2088 401 2134 est
419 2082 541 2134 scientia
563 2082 652 2150 quale
671 2088 716 2135 est
735 2081 817 2134 illius
830 2081 989 2148 objectum:
1004 2097 1074 2151 crgo
1087 2098 1155 2135 cnm
1169 2088 1311 2136 creatura
1325 2097 1384 2135 non

208 2163 269 2217 siut
289 2162 472 2221 necessariae,
493 2161 545 2214 sed
570 2166 686 2214 tanturn
715 2163 932 2231 contingentes,
964 2161 1032 2214 talis
1062 2162 1169 2230 pariter
1188 2162 1243 2216 erit
1261 2163 1386 2216 scicntia

209 2244 264 2296 Dei
286 2242 322 2293 ad
344 2240 411 2294 illas
431 2241 597 2294 terminata.
612 2272 647 2279 —
660 2243 749 2309 Nego
767 2244 971 2294 antecedens:
995 2243 1059 2294 hac
1078 2243 1156 2294 enim
1176 2257 1246 2294 vera
1265 2243 1385 2310 quidem

208 2324 313 2376 tierent
333 2321 356 2372 si
377 2321 480 2374 divina
499 2321 624 2374 seientia
644 2337 702 2373 non
717 2324 812 2374 solum
833 2322 966 2375 tenderet
979 2322 1016 2374 ad
1030 2327 1180 2374 creaturas
1190 2326 1341 2390 tanrqnanr
1355 2323 1386 2375 in

208 2403 356 2469 objectum
378 2402 612 2461 wrminativunr,
633 2400 792 2454 sedetiam
814 2401 966 2467 motivum:
988 2417 1057 2455 cum
1086 2408 1185 2454 autem
1209 2407 1385 2455 creaturan

209 2482 271 2534 Deo
284 2481 421 2549 cognitae,
439 2481 565 2534 habeant
577 2485 693 2534 tantum
715 2481 857 2533 rationem
880 2482 986 2540 obiecti
1013 2483 1209 2541 terminantis,
1235 2497 1294 2534 non
1314 2497 1384 2535 vem

208 2560 369 2625 moventis,
391 2560 460 2612 hinc
489 2568 533 2613 est
561 2561 638 2627 qumi
668 2560 736 2614 talis
765 2577 825 2613 non
853 2561 892 2614 sit
917 2576 1017 2613 earum
1047 2561 1187 2630 cognitio,
1216 2562 1314 2630 qualis
1343 2568 1388 2615 ost

207 2656 311 2695 earum
331 2640 448 2693 entitas.
471 2639 548 2692 Hinc
568 2641 713 2710 aeuitur,
728 2641 808 2710 qnod
829 2642 883 2693 etsi
899 2641 991 2693 uullrc
1014 2645 1155 2694 ereatura
1181 2648 1280 2693 essent
1292 2643 1383 2710 possi·

208 2722 282 2776 biles
310 2726 339 2776 et
366 2722 484 2780 tuturis,
514 2737 573 2774 non
603 2722 702 2775 :ninus
727 2722 829 2775 divina
861 2722 986 2775 scientia
1006 2723 1080 2775 toret
1100 2722 1213 2775 intinita
1234 2729 1263 2775 ct
1281 2737 1381 2776 neces-

207 2802 296 2862 saria,
318 2802 389 2869 quia
407 2816 467 2853 non
486 2801 585 2855 minus
605 2802 813 2855 terminaretur
831 2801 869 2854 ad
894 2801 1042 2868 objectum
1068 2803 1217 2855 inlinitum
1245 2802 1382 2870 primario

209 2882 352 2935 metitum
372 2885 401 2934 et
420 2882 651 2934 terminatimrm.
673 2881 782 2934 Verum
804 2881 924 2948 quidem
944 2886 1030 2947 esset,
1051 2881 1130 2948 quod
1156 2882 1184 2934 in
1206 2883 1260 2934 hac
1292 2882 1382 2951 hypo-

209 2962 284 3016 thesi
304 2961 428 3014 scientia
449 2978 508 3013 :ron
527 2962 736 3015 terminaretur
754 2962 791 3014 ad
805 2961 921 3029 aliquas
935 2965 1095 3014 creaturas:
1109 2962 1161 3014 sed
1181 2962 1228 3014 iric
1251 2962 1383 3016 deiectus

208 3042 423 3095 terminationis
443 3057 500 3093 non
520 3041 688 3108 proveniret
706 3057 744 3094 cx
763 3047 846 3109 parte
865 3041 1006 3100 scientiae,
1029 3042 1080 3093 scd
1101 3057 1137 3094 cx
1158 3047 1238 3109 parte
1270 3047 1383 3095 creatu-

209 3136 318 3176 rarum:
339 3136 408 3172 nam
421 3120 543 3173 scientia
558 3120 595 3173 de
608 3136 639 3172 sc
652 3124 697 3174 cst
710 3121 930 3188 repra·serrtatio
944 3121 1074 3174 oninium
1098 3121 1380 3188 repra·scutabiliurrr
1439 3150 1441 3156 ·

207 3201 273 3253 sine
292 3201 338 3252 sni
359 3201 531 3253 mutatione:
552 3201 630 3253 sicut
649 3216 667 3253 a
685 3200 776 3253 simili
791 3201 832 3253 sol
848 3207 891 3253 est
906 3200 1123 3254 illnrninatirus
1138 3201 1269 3253 omnium
1284 3217 1382 3254 rerum

210 3278 465 3336 illnuiinalriliunr.
494 3280 573 3347 quod
598 3281 623 3333 si
649 3280 765 3349 aliquas
795 3297 853 3333 non
874 3280 1033 3347 illuminet,
1057 3281 1084 3332 id
1106 3295 1164 3332 non
1186 3281 1326 3348 repetitur
1344 3297 1381 3333 ex

207 3361 325 3415 defectu
345 3359 426 3422 solis,
447 3360 498 3412 sed
519 3375 702 3428 rerumque
722 3360 777 3413 soli
797 3376 855 3413 non
876 3367 1075 3428 exponuntur.
1099 3358 1217 3412 Certum
1244 3366 1288 3412 est
1315 3375 1385 3428 ergo

209 3440 363 3494 scientiam
383 3439 515 3492 divinant
535 3440 631 3493 solinu
651 3440 779 3508 pendere
801 3440 958 3493 intrinsece
978 3440 1015 3491 ab
1035 3439 1171 3492 Essentia
1191 3439 1291 3491 divina
1311 3449 1384 3492 tam-

209 3535 298 3588 quam
318 3518 432 3584 objecto
451 3520 590 3587 primario
604 3520 713 3573 motivo
739 3523 768 3573 et
781 3519 980 3576 terminatiro:
996 3519 1168 3572 servaturis
1183 3533 1251 3570 vcro
1264 3523 1379 3571 tanturn

207 3600 384 3652 extrinsece.
405 3602 435 3651 et
454 3603 604 3666 tamquam
624 3599 748 3664 olriecto,
780 3614 837 3650 non
858 3598 976 3665 quidem
1000 3599 1118 3664 motivo,
1133 3598 1184 3651 sed
1204 3602 1319 3650 tantum
1339 3616 1382 3650 s·-

209 3678 352 3731 cundario
373 3678 570 3730 terminatiro.

264 3756 435 3810 (narreri's'r
454 3757 480 3807 l.
502 3755 536 3807 In
556 3756 629 3810 ilco.
651 3764 752 3825 utpote
773 3758 888 3811 intinite
908 3761 1046 3825 perlecto,
1068 3773 1126 3809 non
1148 3763 1243 3826 potest
1267 3759 1381 3812 admitti

209 3836 320 3904 duplex
341 3836 445 3888 modus
464 3837 663 3905 cognoscendi
682 3841 842 3903 creaturas,
864 3852 988 3905 quorum
1009 3852 1088 3889 unns
1108 3838 1146 3892 sit
1171 3839 1336 3905 perlectior,
1357 3847 1386 3891 et

209 3917 285 3969 alter
303 3917 401 3968 minus
422 3917 578 3984 perfectus:
598 3917 648 3969 sed
678 3915 782 3969 modus
807 3917 1005 3986 ‹·og‚moseerr‹li
1025 3924 1174 3970 creaturas
1200 3918 1228 3969 in
1253 3917 1386 3970 Essentia

208 3996 310 4049 diviua
330 4002 479 4064 tamquam
501 3996 530 4048 in
550 4003 702 4049 causaest
723 3997 815 4049 multo
837 3997 992 4065 perlectior
1016 4003 1045 4049 ct
1059 3996 1194 4060 nobilior,
1221 4012 1312 4063 qrrarn
1327 4013 1385 4050 mo-

209 4077 266 4130 dus
287 4076 352 4128 illas
381 4076 580 4144 cognoscendi
608 4076 777 4129 innnediat·
806 4077 836 4129 in
862 4076 978 4144 scipsis:
999 4075 1078 4129 unde
1099 4076 1128 4128 in
1149 4075 1273 4144 Angelis
1292 4078 1386 4131 beatis

207 4158 340 4227 cognitio
360 4158 514 4223 matutina,
536 4172 587 4224 per
605 4172 694 4224 «ruam
715 4156 818 4209 rident
840 4163 989 4209 creaturas
1003 4157 1034 4208 in
1049 4155 1143 4208 Verbo
1157 4161 1186 4208 et
1206 4155 1234 4208 in
1252 4156 1387 4210 assanda

208 4238 312 4291 divina
332 4247 480 4305 tamquam
503 4237 532 4288 in
552 4251 651 4302 eausa,
674 4236 767 4289 nrnlto
781 4236 936 4304 perfectior
948 4241 1002 4302 est,
1018 4251 1107 4304 quam
1120 4236 1251 4304 cognitio
1270 4252 1386 4305 vesper-

210 4318 282 4373 tina.
303 4333 355 4384 per
367 4331 456 4385 quam
471 4315 537 4369 illas
551 4319 736 4385 cognoscunt
748 4323 831 4369 extra
848 4314 985 4381 l'erbum,
1000 4319 1029 4368 ct
1044 4314 1211 4366 immediate
1227 4315 1256 4366 in
1270 4315 1386 4383 scipsis,

204 4397 294 4465 ,iuxta
314 4396 387 4449 illud
408 4395 437 4449 S.
459 4395 631 4465 Augustini,
653 4395 732 4462 quod
752 4410 840 4462 supra
871 4394 1026 4447 retulimus
1046 4394 1082 4446 de
1102 4394 1215 4447 visione
1235 4395 1385 4449 beatifica:

212 4477 341 4544 ciprum
359 4479 498 4530 tanatum:
516 4475 546 4527 in
567 4474 661 4544 seipsa
680 4472 868 4527 ‹lecolorutior
884 4475 935 4540 esi,
949 4489 1116 4542 quantaene
1132 4472 1163 4525 ia
1175 4472 1229 4526 Del
1240 4473 1387 4542 supientia

208 4555 398 4622 cupressina,
422 4555 508 4609 retuli
527 4554 557 4608 in
578 4556 640 4608 erte
655 4569 711 4622 per
728 4569 818 4622 qrurm
840 4551 921 4620 suctu
940 4555 992 4606 est:
1006 4568 1077 4623 crgo
1091 4559 1196 4621 prater
1209 4552 1328 4606 modum
1340 4569 1388 4608 co-

208 4635 371 4706 gnoscendi
391 4641 541 4694 creaturas
559 4633 716 4704 possibiles
735 4633 767 4686 in
787 4631 923 4686 Essotrtia
942 4631 1044 4685 dirina
1064 4636 1215 4701 tamquam
1234 4632 1265 4686 in
1285 4647 1387 4702 causa,
