3067 5400
179 795 248 861 154
581 812 626 860 ne
649 810 853 861 ereuararu
885 810 952 859 our.

178 935 297 987 teriores
316 948 351 987 ac
369 932 576 987 subordinatas
601 933 768 987 necessario
781 932 953 999 movebunt,
980 932 1113 1001 adeoque
1132 932 1218 986 nulla
1243 934 1357 987 coutin-

177 1020 282 1083 genter
312 1013 490 1081 operabitur,
520 1013 623 1081 sieque
651 1012 755 1066 nullus
783 1013 840 1066 crit
868 1012 990 1065 ellectus
1018 1012 1215 1081 contingens:
1245 1014 1297 1066 sed
1327 1014 1354 1066 id

177 1100 278 1162 aperte
296 1092 404 1146 l'alsum
423 1108 488 1145 esse
506 1093 631 1161 ipsamet
649 1092 834 1161 experientia
846 1096 969 1145 constat.
991 1090 1093 1153 liutto,
1114 1092 1235 1145 silicus
1255 1099 1357 1161 ageret

177 1174 353 1237 necessario,
374 1172 492 1225 nullum
510 1180 588 1225 esset
606 1180 761 1240 peccatum
781 1177 811 1226 ot
830 1171 940 1224 malurn
960 1172 1167 1241 vituperabile,
1189 1173 1261 1241 quia
1275 1173 1357 1226 Deus

178 1252 254 1306 illud
273 1253 439 1306 necessario
457 1254 575 1305 taceret.
599 1254 716 1313 Qrurrlo.
731 1256 906 1319 sequeretur
924 1252 1002 1319 quod
1016 1267 1107 1305 causa
1125 1251 1257 1306 secunda
1276 1253 1351 1306 nilril

176 1333 298 1385 omnino
316 1336 460 1398 causaret,
481 1331 553 1399 quia
579 1332 793 1399 prevenire-tur
811 1346 829 1383 a
849 1331 943 1399 prima
963 1332 993 1383 iu
1013 1332 1120 1385 etl'ectu
1148 1332 1347 1399 producendo.

178 1410 211 1465 Si
229 1413 309 1464 euim
329 1427 420 1463 (rausa
447 1411 542 1479 prima
566 1416 668 1479 agraet
696 1411 872 1464 naturaliter
890 1415 920 1463 et
939 1411 1115 1477 necessario,
1136 1412 1224 1464 etiarn
1254 1418 1356 1481 ageret

177 1491 342 1545 secuudum
356 1505 472 1543 omnem
486 1506 571 1543 suam
584 1491 764 1544 activitatem
778 1496 808 1544 et
820 1491 858 1543 ad
870 1499 1035 1544 extremrum
1049 1506 1110 1544 sure
1123 1493 1272 1559 potentia,
1289 1509 1355 1560 qurc

181 1586 250 1624 cum
264 1572 303 1624 sit
322 1570 448 1635 intinitu,
474 1570 607 1638 adeoquo
619 1570 655 1622 ad
670 1585 787 1623 omnem
815 1571 936 1623 omniuo
954 1570 1090 1624 ellectum
1111 1586 1175 1624 sese
1203 1572 1353 1637 extendat,

178 1650 301 1704 evidens
314 1655 368 1716 est,
383 1650 460 1717 quod
481 1650 506 1701 si
525 1650 608 1703 Deus
626 1656 729 1719 ageret
747 1650 922 1703 naturaliter
935 1655 964 1703 et
977 1651 1154 1717 riores-sario,
1170 1652 1244 1704 nihil
1266 1652 1353 1705 reliu-

179 1734 283 1799 queret
301 1729 523 1798 producentium
542 1744 561 1782 a
578 1732 678 1783 <caricis
696 1730 852 1783 secundis:
868 1730 922 1783 hoe
936 1735 1034 1783 autem
1055 1736 1099 1783 est
1112 1738 1212 1799 aperto
1231 1732 1350 1785 talsum:

178 1825 249 1879 ergo
268 1816 381 1863 certum
400 1814 445 1863 est
465 1809 561 1863 ileum
573 1825 632 1863 non
646 1809 823 1863 naturaliter
841 1816 870 1863 et
890 1812 1065 1877 necessario,
1081 1811 1132 1864 sud
1146 1812 1356 1881 contingenter

179 1894 210 1943 ct
229 1890 320 1943 libere
339 1906 438 1959 agere,
457 1890 590 1958 adeoque
608 1904 673 1943 (uso
692 1889 829 1943 libertate.
848 1890 1015 1958 praelitam.

232 1969 330 2023 Dices
352 1972 382 2022 1:
403 1968 537 2023 Libertas
561 1973 606 2023 est
629 1970 761 2038 potentia
785 1969 954 2021 indifferens
979 1969 1015 2021 ad
1040 1970 1219 2023 eliciendum
1239 1976 1350 2034 actum,

179 2049 227 2103 vel
248 2065 307 2102 nou
325 2050 521 2103 eliciendum:
541 2049 635 2102 sedin
655 2049 717 2101 Deo
737 2064 796 2101 non
810 2056 854 2103 est
868 2050 936 2102 talis
951 2049 1157 2117 imlitlerentia,
1174 2050 1254 2104 licus
1272 2052 1352 2103 euim

179 2144 248 2184 cum
267 2130 306 2183 sit
324 2136 409 2183 actus
427 2145 520 2197 purus
539 2134 570 2183 et
587 2144 702 2182 sunuue
721 2128 858 2197 simplex,
875 2129 1075 2197 pluralitatem
1089 2136 1210 2183 actuum
1224 2137 1254 2184 et
1268 2131 1353 2183 indu·-

180 2210 335 2264 sereutiam
354 2210 391 2261 ad
409 2214 494 2262 actus
512 2208 654 2262 excludit.
675 2238 711 2247 -
728 2210 896 2275 Distinguo
921 2211 1084 2275 majorem:
1105 2210 1223 2263 libertas
1243 2218 1350 2277 creata,

182 2290 322 2357 couced03
343 2290 482 2347 increata,
502 2303 588 2357 nego.
611 2286 687 2341 Cum
706 2289 786 2340 euim
806 2288 915 2340 divium
935 2288 1097 2342 voluntatis
1116 2298 1199 2343 actm
1219 2305 1255 2342 ex
1270 2306 1300 2341 se
1314 2291 1354 2342 sit

181 2370 326 2435 infinitus,
346 2367 472 2436 simplex
491 2374 521 2420 et
539 2367 723 2420 necessarius
742 2367 906 2420 secundum
921 2369 1084 2435 entitatem,
1108 2373 1138 2421 et
1150 2369 1245 2423 solum
1266 2370 1352 2422 indit-

180 2450 276 2502 tereus
295 2463 386 2517 penes
405 2447 641 2501 terminationem
660 2446 697 2499 ud
717 2448 801 2500 varia
819 2448 944 2515 objecta,
967 2448 1075 2501 idcirco
1091 2448 1194 2501 diviua
1212 2449 1350 2502 voluutas

181 2544 240 2582 uon
260 2532 397 2581 censetur
415 2542 480 2579 esse
501 2527 592 2579 libera
616 2531 646 2579 et
675 2526 845 2579 indulcans
873 2528 910 2579 ad
939 2537 1048 2589 aretum,
1070 2529 1120 2581 sed
1150 2530 1353 2583 tantummodo

182 2607 347 2661 seeundum
366 2607 524 2673 obJeetum.
546 2604 638 2659 Secus
657 2616 702 2659 est
720 2612 819 2660 autem
846 2608 882 2659 de
906 2608 1059 2661 voluntate
1079 2615 1186 2674 ereata,
1208 2625 1274 2677 quae
1294 2624 1354 2662 non

181 2686 277 2741 solum
298 2703 387 2756 penes
405 2686 520 2752 objecta
538 2687 753 2755 prosequenda,
774 2686 821 2741 vel
842 2688 1015 2748 aversanda,
1031 2689 1083 2742 sed
1100 2689 1189 2742 etiam
1204 2706 1294 2758 penes
1308 2706 1356 2743 va·

185 2769 242 2821 rios
261 2773 345 2820 actus
365 2767 591 2820 indill'crentiam
610 2767 667 2820 sibi
686 2768 829 2822 vindieat.

234 2846 331 2901 Dices
349 2847 382 2900 ⁶2:
403 2845 434 2900 Si
454 2847 536 2900 Deus
554 2851 632 2900 essct
651 2847 725 2899 liber
743 2863 815 2916 erga
842 2855 1002 2907 creaturas,
1025 2855 1123 2916 posset
1142 2864 1173 2902 se
1192 2851 1356 2903 colmanni·

179 2944 257 2994 eare,
277 2927 324 2980 vel
345 2943 403 2980 non
423 2942 455 2980 se
473 2928 692 2981 communicare
711 2937 873 2981 creatura:
903 2929 953 2980 sed
976 2929 1014 2982 ita
1043 2945 1101 2981 uon
1121 2935 1173 2982 est.
1199 2931 1352 2982 Probatur.-

180 3007 262 3060 Deus
282 3008 370 3061 habet
388 3007 554 3060 naturalem
574 3007 797 3059 inclinationem
826 3007 862 3060 ad
892 3025 922 3060 se
948 3009 1244 3072 coruumuicaudum3
1266 3025 1356 3063 omno

178 3089 258 3140 enim
278 3087 388 3140 boumn
414 3092 459 3139 est
483 3086 529 3138 sui
555 3086 742 3138 ditl'usivum:
769 3102 840 3154 ergo
864 3102 1013 3140 smumum
1039 3089 1160 3146 bouum,
1189 3089 1287 3155 qualis
1312 3094 1357 3143 est

179 3167 270 3233 Deus,
282 3171 327 3219 est
336 3167 382 3218 sui
397 3167 525 3218 maxime
537 3165 708 3219 ‹lillirsivum
728 3173 758 3218 et
777 3182 891 3220 summe
911 3167 1203 3226 coruruuuieatixum‚
1220 3168 1354 3236 adeoquo

176 3247 205 3298 'si
218 3247 348 3314 seipsum
368 3261 426 3297 uon
446 3246 686 3305 communicaret,
702 3255 806 3298 contra
818 3262 879 3300 sure
894 3247 1033 3300 bonitatis
1048 3247 1270 3301 inclinationem
1285 3265 1353 3318 agc-

181 3331 243 3379 rct:
263 3325 314 3378 aed
334 3326 374 3379 ita
393 3340 482 3393 regem
500 3325 623 3392 nequit:
643 3340 713 3394 ergo
733 3341 788 3378 nec
808 3333 903 3394 potest
922 3344 952 3380 se
964 3343 1024 3379 nou
1035 3329 1254 3381 communicare
1277 3345 1356 3382 crea·

179 3407 264 3460 turis,
284 3404 406 3472 Deinde,
427 3404 508 3458 littus
528 3405 685 3474 perlectimr
711 3406 841 3474 seipsum
866 3414 954 3463 arrrat.
976 3422 1042 3459 eum
1069 3424 1127 3460 mm
1155 3413 1270 3461 tautum
1299 3410 1356 3462 sibi

181 3487 247 3554 ipsi,
261 3486 313 3538 sed
332 3485 421 3539 etiam
434 3485 501 3538 aliis
514 3500 578 3538 sese
592 3487 800 3539 communicat.
816 3487 958 3555 Denique,
974 3487 1051 3541 velle
1065 3487 1223 3542 efficaciter
1234 3505 1265 3540 se
1279 3505 1356 3542 eom·

180 3567 332 3620 urunicare
350 3573 395 3619 est
413 3566 489 3618 actio
509 3571 589 3618 recta
607 3572 636 3620 et
656 3567 789 3628 honesta,
810 3583 869 3634 qua
892 3567 971 3619 lieus
990 3575 1101 3620 caueret
1121 3568 1144 3619 si
1166 3568 1239 3621 nibil
1270 3575 1355 3623 extra

178 3663 212 3700 se
229 3647 387 3699 efficaciter
405 3645 506 3710 vellet,
520 3653 550 3698 et
563 3653 778 3714 corrsequenter
797 3647 909 3714 absque
930 3647 1101 3714 prmjudicio
1121 3662 1182 3699 sum
1204 3651 1356 3716 perlectio-

180 3729 227 3779 uis
246 3735 275 3780 et
293 3727 432 3779 bonitatis
452 3740 510 3777 nou
530 3731 625 3793 potest
645 3741 702 3777 nou
723 3726 801 3778 velle.
821 3742 884 3778 sese
904 3728 1047 3779 creaturis
1070 3729 1299 3782 emumunicarc.
1321 3759 1355 3768 —

179 3809 268 3872 Nego
287 3809 446 3871 majorem,
462 3805 544 3857 etad
561 3804 689 3871 prirrrum
712 3805 794 3857 illius
812 3806 1007 3873 [mulieritatem
1035 3807 1110 3865 dieo.
1129 3807 1209 3860 illam
1230 3809 1355 3861 iucliua·

179 3888 300 3942 tionem,
321 3901 409 3952 (piram
431 3885 517 3937 itala-t
538 3885 618 3937 licus
643 3884 680 3936 ad
704 3900 737 3936 se
760 3887 1052 3946 conummicamluru,
1074 3888 1146 3939 uilril
1174 3889 1350 3953 aliudesse,

179 3981 269 4033 qrumr
290 3965 455 4017 naturalem
474 3965 670 4031 aptitudinem
690 3981 754 4017 scs·
775 3967 1024 4024 communicamli.
1046 3983 1103 4019 nou
1124 3973 1222 4021 autem
1251 3969 1356 4037 impor-

180 4055 251 4100 tare.
274 4058 328 4096 uec
347 4041 503 4110 designare
522 4042 652 4111 aliquam
672 4044 865 4112 exigentiam,
882 4053 933 4098 aut
947 4047 1139 4102 temleutiam.
1155 4063 1221 4114 «prm
1241 4048 1356 4115 iuquie-

179 4124 324 4188 tudinem,
346 4123 392 4174 vel
415 4123 664 4190 impmrteetiomuu
694 4124 865 4190 adjunctam
887 4126 1002 4182 lrabeat.
1024 4141 1178 4193 quousque
1208 4129 1258 4180 liat
1286 4128 1355 4182 talis

179 4204 426 4257 communicatio:
448 4202 528 4255 uude
546 4203 614 4255 talis
635 4203 788 4257 inclinatio
811 4205 920 4258 dirime
948 4207 1086 4258 maritatis
1112 4207 1148 4258 ad
1173 4225 1204 4259 se
1224 4223 1354 4261 coruum-

180 4283 351 4344 nicaudum,
381 4282 591 4336 subordinatur
620 4283 713 4350 ipsius
742 4284 880 4348 libertati,
907 4293 1055 4352 quatenus
1088 4286 1227 4339 nimirum
1255 4287 1357 4342 «lirina

178 4365 294 4419 bonitas
318 4369 363 4416 est
386 4363 432 4415 sui
458 4362 717 4429 communicativa,
738 4379 775 4416 ex
799 4365 953 4433 hypothesi
986 4365 1063 4432 quod
1091 4366 1192 4418 (lirina
1217 4367 1358 4421 voluntat

180 4445 255 4498 illud
270 4444 375 4512 jubeat
394 4449 423 4496 et
441 4442 590 4496 decernat.
612 4443 660 4494 ild
677 4445 838 4496 artoldum-
854 4443 1051 4512 procudenda
1074 4445 1149 4510 dico,
1165 4446 1227 4498 lieo
1242 4447 1356 4501 nullam

179 4525 319 4579 accedere
338 4523 559 4592 perlectionem,
574 4537 612 4574 ex
625 4537 659 4574 eo
672 4524 751 4591 quod
764 4523 839 4577 xclit
852 4541 883 4578 se
896 4525 1115 4578 communicare
1135 4525 1172 4578 ad
1191 4530 1285 4593 extra,
1300 4527 1358 4580 sibi

179 4605 259 4658 enim
279 4603 334 4672 ipsi
353 4603 473 4670 sullicit,
488 4609 518 4656 et
529 4603 623 4672 ipsius
642 4618 724 4656 arnor
741 4619 918 4672 summaque
943 4603 1094 4657 beatitudo
1121 4605 1294 4660 nullatenus
1319 4607 1357 4662 ab

179 4683 337 4738 existentia
355 4686 557 4737 creaturarum
577 4683 694 4752 pendet,
709 4689 739 4738 et
752 4683 818 4738 ideo
837 4699 897 4737 uon
922 4699 953 4738 se
976 4683 1075 4752 diligit
1094 4686 1262 4752 perfectius,
1284 4687 1356 4742 dum

180 4764 274 4834 ipsius
292 4777 374 4816 arnor
391 4761 487 4816 tendit
504 4763 594 4817 etiam
614 4763 644 4816 in
663 4769 825 4830 erraturos,
846 4781 881 4818 ac
894 4765 919 4818 si
933 4769 1048 4818 tautum
1063 4765 1193 4832 seipsum
1206 4765 1355 4836 diligeret.

178 4843 227 4900 Ad
256 4841 373 4898 tertiora
399 4841 619 4912 probotrbaear,
651 4845 745 4898 tatoor
767 4844 907 4914 equidem
932 4842 1021 4898 talem
1055 4846 1356 4902 communicationem
