3067 5400
177 598 222 665 90
489 617 562 665 non
586 618 709 666 aaron
732 617 894 665 somnam
917 616 1039 665 nenia,

176 740 366 793 antecedunt.
383 738 494 793 Deinde
514 740 621 793 ibidem
641 740 796 793 caalirmat
810 740 938 808 illaquae
952 739 1067 792 dixerat
1086 752 1151 805 cap.
1166 736 1193 789 9.
1213 734 1258 789 De
1278 737 1351 788 l'roe·

174 819 246 871 (lest.
266 818 450 883 Strrroioraon,
473 820 614 873 nimirum
632 820 711 887 quod
740 820 860 887 quando
886 820 962 873 dixit
988 817 1138 871 Christum
1164 821 1238 870 tune
1259 815 1349 869 borni·

175 899 264 951 nibus
283 900 464 967 apparuisse,
479 906 509 953 et
522 900 601 969 apud
614 915 663 953 eos
676 900 852 967 predicasse,
872 915 954 952 suam
975 898 1158 959 Doctrinam,
1180 896 1301 964 quando
1320 900 1351 949 et

175 979 227 1031 ubi
246 979 358 1032 sciebat
376 980 427 1047 qui
447 986 531 1033 erant
549 980 580 1032 in
600 996 668 1033 cunr
681 980 833 1039 credituri,
847 979 921 1033 illud
936 978 1085 1032 intellexit
1096 978 1161 1029 sine
1173 976 1348 1045 pne-judicio

176 1058 296 1111 latentis
309 1059 426 1111 consilii
442 1060 507 1125 Dei,
522 1064 551 1113 et
564 1061 629 1113 sine
642 1060 815 1113 exclusione
828 1060 921 1112 divini
937 1059 1057 1112 decreti:
1072 1072 1142 1126 ergo
1156 1072 1273 1125 semper
1285 1071 1352 1124 sup

175 1139 258 1206 ponit
277 1139 428 1192 decretum
447 1139 583 1192 divinum
603 1140 777 1194 antecedere
796 1140 928 1193 divinam
948 1137 1175 1207 prescientiam.

230 1217 414 1271 lluerncaxr
433 1218 564 1272 scientiae
584 1218 687 1271 media
707 1218 873 1272 Assertores
893 1216 923 1271 S.
944 1216 1193 1287 Augustinumin
1208 1215 1255 1267 bis
1268 1213 1352 1268 texti·

175 1298 231 1349 bus
252 1296 331 1365 loqui
351 1298 387 1350 de
406 1298 515 1350 tuturis
533 1298 686 1359 absolutis,
701 1314 760 1351 non
780 1306 879 1352 autem
899 1298 936 1351 de
950 1297 1167 1351 conditionatis.
1178 1326 1214 1333 —
1228 1297 1351 1347 contra·

176 1376 222 1430 De
242 1377 301 1428 illis
319 1378 427 1430 t'ntnris
447 1377 579 1444 loquitur
596 1382 716 1431 sanctus
736 1377 935 1446 Augustinus,
957 1378 993 1430 de
1014 1377 1123 1445 quibus
1153 1377 1352 1445 interrogatus

176 1458 272 1510 l'uerat
291 1474 307 1507 a
326 1458 437 1510 sanctis
457 1456 599 1527 Prospere
618 1464 648 1509 et
666 1457 790 1517 Hilario,
805 1466 834 1511 et
854 1459 890 1511 de
909 1459 1018 1527 quibus
1043 1458 1172 1526 agebant
1190 1453 1351 1524 Semipola-

175 1537 269 1605 glani,
290 1536 421 1604 alioquin
442 1536 479 1588 ad
499 1552 559 1589 rem
579 1552 638 1588 non
659 1538 863 1605 responderem
878 1538 914 1590 de
928 1538 1036 1606 quibus
1050 1537 1168 1590 tandem
1188 1536 1251 1605 ipse
1274 1552 1353 1589 meu·

176 1616 285 1670 tionem
305 1618 414 1670 lecerat
433 1617 464 1669 in
484 1617 558 1669 libro
577 1616 621 1669 De
638 1634 691 1670 sem
709 1618 917 1686 spectationibus·
938 1620 1142 1683 Papauer-aot:
1162 1617 1214 1669 sed
1234 1616 1287 1669 illa
1309 1616 1353 1669 su·

176 1702 243 1749 tura
261 1697 299 1749 de
317 1698 425 1763 quibus
444 1713 539 1750 senno
558 1704 613 1764 est,
633 1703 704 1752 sunt
722 1698 931 1753 conditionata.
956 1699 1099 1751 l‘robeiur
1118 1699 1142 1750 1.
1164 1714 1201 1751 ex
1221 1695 1354 1765 Epistola

176 1778 272 1831 sancti
294 1776 438 1846 Prosperi,
459 1780 510 1847 qui
530 1794 599 1832 curn
619 1778 803 1833 distinxisset
823 1780 881 1832 duo
899 1794 1010 1848 genera
1034 1776 1351 1846 Sernipelagianorum

177 1872 302 1925 quorum
323 1858 415 1925 aliqui
437 1860 531 1929 magis
551 1860 588 1913 ad
608 1859 785 1929 Pelagianos
804 1860 1009 1925 deflectebant,
1030 1857 1192 1912 concludit:
1205 1859 1281 1910 I’ene.
1293 1872 1352 1909 ora·

177 1936 262 1990 rtr'rcrn
277 1954 338 2006 pur
356 1938 514 1997 irrrarrilar,
529 1942 555 1991 el
570 1956 630 1992 nna
649 1939 802 2005 sortientia,
823 1955 881 2007 qaia
898 1938 1081 2007 prepositura
1110 1940 1136 1989 el
1162 1936 1352 2006 prwdeminu-

177 2018 283 2070 lienem
303 2017 358 2071 Dei
376 2020 536 2072 secandam
565 2020 780 2087 pras-cientium
810 2022 984 2087 reaper-ant,
1008 2022 1040 2071 al
1057 2020 1090 2069 ob
1109 2021 1159 2071 boc
1179 2017 1259 2071 bam
1277 2016 1350 2070 alios

179 2113 247 2149 rasa
268 2098 393 2159 lionoris,
414 2098 488 2151 alios·
506 2100 687 2152 ‹amlamlia
705 2098 814 2166 feeerit,
829 2098 898 2168 qnia
919 2100 1006 2167 linear
1029 2098 1261 2166 caerimoniasque
1277 2112 1354 2165 μνα-

179 2176 291 2239 aratorii,
307 2180 333 2229 ci
345 2180 399 2230 snb
418 2179 480 2247 ipso
496 2179 599 2246 prada
617 2180 765 2245 ‹rcljrrtorio
784 2180 814 2232 in
835 2196 894 2248 oria
913 2178 1036 2245 salinas
1063 2181 1132 2231 assei
1163 2179 1308 2230 coloniole
1327 2178 1353 2229 et

176 2256 296 2319 actione,
317 2258 483 2324 promuerit.
504 2259 617 2320 Quibus
637 2264 717 2327 patet
729 2258 983 2328 Sernipelagianos
997 2259 1123 2312 sensisse
1137 2258 1233 2311 Deum
1248 2259 1355 2326 utique

177 2336 293 2402 aliquos
313 2339 477 2405 reprobare,
498 2338 576 2406 (ruod
597 2340 832 2407 praevidentem
852 2341 940 2393 etiarn
954 2355 1011 2391 non
1027 2353 1222 2391 consensuros
1235 2338 1352 2406 gratim,

177 2417 203 2467 si
224 2415 305 2467 illam
326 2417 485 2479 baberent3
507 2434 565 2471 non
585 2436 654 2488 ergo
675 2420 806 2487 loquitur
824 2420 861 2472 de
875 2421 981 2473 l'ntnris
995 2419 1138 2472 absolute.
1153 2417 1264 2470 Ileirnle
1279 2418 1354 2487 ipse·

178 2500 237 2548 met
255 2502 376 2549 sanctus
395 2495 583 2567 Augustinus
601 2500 782 2552 sullieienter
801 2500 913 2552 indicat
932 2516 963 2553 se
984 2500 1064 2567 loqui
1081 2499 1117 2552 de
1131 2499 1239 2551 luturis
1253 2498 1353 2551 eondi-

178 2576 311 2628 tionatis:
332 2582 394 2629 tnrn
415 2578 484 2645 quia
503 2579 633 2646 explicat
652 2580 856 2647 questionem,
878 2579 910 2631 se·
931 2579 1065 2632 Clo-isias
1084 2578 1152 2646 proi
1171 2579 1297 2645 ienrpore
1327 2580 1353 2631 ei

176 2656 235 2708 loeo
261 2656 344 2724 crparl
374 2658 500 2710 lierrliles
526 2658 721 2727 proedieossei,
742 2676 783 2711 (nr.
812 2659 857 2712 illi
884 2658 1072 2712 credidissent
1103 2659 1143 2711 rel
1167 2674 1245 2710 tren:
1273 2656 1353 2727 quod

176 2741 256 2790 certe
283 2753 341 2790 non
370 2743 415 2791 est
435 2741 568 2792 lutnrurn
588 2739 731 2800 absolute,
752 2739 804 2793 sed
824 2741 1033 2794 coralitionate.
1056 2739 1197 2807 Iloriqae,
1220 2754 1284 2808 cap.
1307 2739 1352 2792 10.

179 2817 220 2872 Dc
241 2819 496 2872 l’rrrtlesiinalione
514 2820 698 2878 retruserant,
720 2821 772 2873 ait:
796 2820 1051 2873 ll·‹1›1lebfnarinna
1076 2820 1184 2888 qnippe
1212 2818 1292 2871 Deus
1320 2835 1352 2872 cu

173 2900 329 2968 prescierit,
350 2915 416 2968 quw
433 2901 531 2966 literni
551 2900 611 2967 ipse
633 2899 786 2966 piretro-as:
807 2901 858 2954 sed
885 2917 951 2969 qna
976 2901 1056 2953 Deus
1085 2901 1181 2952 fuerat
1208 2901 1352 2966 tacturus,

178 2995 236 3032 non
256 2985 326 3032 sunt
338 2980 482 3044 alrsolute
494 2980 545 3032 sed
558 2979 758 3033 conditionate.
771 2981 887 3048 lutura3
902 2981 1036 3034 absolute
1050 2981 1129 3033 enirn
1144 2981 1253 3046 lutura,
1269 2980 1352 3033 abso-

178 3058 240 3110 lute
258 3059 390 3111 tacturus
409 3065 462 3124 est,
484 3075 543 3112 non
562 3073 631 3111 vero
650 3060 783 3112 lactarus
803 3067 880 3113 erat:
898 3076 968 3129 ergo
982 3060 1023 3112 ibi
1037 3061 1099 3128 agit
1113 3060 1148 3112 de,
1162 3060 1270 3113 tuturis
1285 3075 1353 3112 con·

177 3137 329 3190 ditionate.
343 3137 428 3190 Adde
441 3139 519 3206 (prod
534 3138 643 3190 ibidem
656 3143 778 3192 sanctus
792 3140 980 3208 Augustinus
995 3139 1121 3193 allirrnat
1134 3140 1266 3192 divinam
1281 3155 1352 3208 prte-

177 3217 332 3271 scientiam
342 3233 568 3287 praesupponere
579 3219 713 3272 divinum
728 3219 889 3278 decretum,
905 3225 935 3272 et
947 3226 1170 3288 corrsequentcn
1182 3219 1269 3272 etiarn
1284 3220 1353 3274 dato

177 3305 208 3350 et
225 3311 363 3350 concesso
394 3298 473 3366 quod
492 3298 528 3352 de
547 3299 655 3351 lirturis
674 3299 818 3353 absolutis
837 3305 948 3368 ageret,
969 3314 1085 3366 semper
1109 3299 1264 3352 scientiam
1294 3314 1353 3354 rne-

178 3378 256 3431 diam
275 3383 306 3432 et
324 3379 547 3432 arrteeedentern
567 3379 717 3432 decretum
740 3379 921 3433 excluderet.

231 3459 415 3513 iterracaxr
434 3457 486 3510 alii
505 3465 641 3512 sanctum
663 3457 867 3528 Augustinum
896 3474 1032 3527 respuere
1050 3457 1171 3526 quidem
1197 3459 1353 3513 seientiam

177 3539 304 3592 mediam
324 3543 351 3591 et
372 3537 619 3606 independentern
639 3554 657 3590 a
675 3538 808 3601 decreto,
831 3554 890 3591 non
910 3539 1030 3607 quidem
1057 3543 1201 3606 qnantum
1228 3539 1265 3590 ab
1284 3539 1352 3592 sub-

177 3619 316 3671 stantiam
335 3628 364 3670 et
383 3619 493 3670 bonum
514 3633 617 3674 nsunt.
638 3617 690 3670 sed
710 3623 854 3684 crustatum
875 3619 912 3670 ad
932 3620 1056 3672 abusum
1077 3624 1106 3671 et
1128 3617 1247 3670 niodum
1277 3634 1352 3672 erro·

177 3711 277 3762 neum,
298 3711 357 3762 qno
376 3696 459 3749 illam
479 3695 710 3766 Semipolagiani
730 3697 936 3758 admittebant,
964 3706 1110 3766 qrratenus
1133 3697 1247 3751 seilicet
1275 3699 1353 3752 dice·

176 3779 248 3829 bant
266 3791 303 3826 ex
323 3776 376 3828 illa
388 3776 451 3828 Deo
464 3777 596 3828 ‹thrberi
612 3778 721 3830 motiva
734 3779 1002 3845 pranleainartonts
1017 3787 1045 3832 et
1058 3779 1172 3847 gratia.
1183 3807 1217 3816 —
1228 3780 1351 3832 contra:

181 3854 288 3916 ibono,
300 3855 427 3909 Sanctus
438 3855 626 3924 Augustinus
636 3858 763 3910 eomodo
775 3857 870 3924 rejicit
878 3858 1092 3926 prescientiam
1103 3858 1353 3926 independentcm

176 3949 195 3986 a
204 3933 331 4000 decreto,
343 3950 401 4001 quo
412 3933 494 3986 illarn
505 3935 665 3989 tradiderat
680 3936 709 3988 in
724 3937 799 3989 libro
811 3937 852 3989 ba
864 3953 916 3990 ser·
929 3937 1136 4005 permetionibus
1152 3938 1352 4004 Ibycum-arn:

176 4013 228 4066 sed
248 4013 330 4065 illam
350 4013 511 4068 tradiderat
530 4014 638 4068 ibidern
651 4021 798 4083 cruentum
812 4017 849 4069 ad
863 4017 1075 4083 substarrtian13
1092 4017 1129 4069 ibi
1144 4018 1223 4071 enim
1237 4017 1355 4073 dixerat

176 4093 255 4161 quod
277 4092 409 4146 (llrrr'sius
428 4095 498 4146 trote
517 4094 683 4147 lronrinibas
704 4095 792 4149 colai!
811 4112 962 4164 repperere.
984 4097 1104 4165 petronio
1127 4099 1153 4149 ei
1179 4097 1227 4148 rabi
1248 4097 1353 4151 sciebat

176 4173 228 4243 orei
248 4172 277 4226 in
298 4189 362 4225 earn
383 4172 506 4239 ficerunt
523 4175 764 4245 ‹»·ao·an·1·.·erg0
779 4175 860 4228 illam
876 4177 1010 4244 reprobat
1023 4192 1083 4229 non
1095 4177 1191 4230 selum
1205 4187 1353 4246 quantum

176 4254 214 4306 ad
233 4254 369 4312 abusum,
389 4254 548 4308 sedetiam
569 4261 714 4324 quantum
734 4255 771 4308 ad
791 4256 997 4309 substantiam.
1019 4256 1151 4310 Sanmdo
1164 4256 1247 4310 illam
1261 4265 1355 4326 negot

177 4335 392 4402 praescientiam
412 4341 481 4388 ante
499 4335 650 4389 decretum
669 4341 704 4388 ut
722 4336 909 4388 asserebatur
927 4352 945 4389 a
964 4335 1293 4406 Sernipelagianiszsed
1307 4337 1352 4392 illi

175 4413 348 4467 asturebeat
366 4415 582 4483 praescientiam
602 4431 660 4468 non
681 4414 777 4468 solum
798 4421 944 4483 quantum
963 4415 999 4468 ed
1027 4416 1171 4470 motivum
1199 4418 1303 4488 gratier
1323 4426 1353 4475 ot

176 4493 452 4562 praedestinationis,
466 4495 620 4550 sedetiam
633 4495 671 4547 ad
684 4494 859 4548 salvandam
873 4493 1037 4549 libertatem
1052 4496 1176 4564 arbitrii,
1190 4502 1225 4551 ut
1237 4504 1354 4554 cointae

175 4587 213 4626 ex
232 4573 331 4626 verbis
349 4574 445 4628 sancti
464 4573 616 4644 Prosperi:
636 4589 707 4644 ergo
725 4589 785 4628 non
805 4573 900 4628 solum
920 4585 1066 4642 quantum
1085 4576 1123 4630 ed
1142 4577 1279 4646 abusum,
1299 4579 1353 4634 sod

175 4651 266 4708 otiam
285 4657 431 4722 quantum
449 4654 488 4708 ad
506 4655 703 4708 solistantiom
723 4653 805 4708 illam
827 4655 948 4724 respuit.
