3067 5400
236 544 302 611 130
602 560 647 609 uc
672 557 888 610 vonunrsru
914 560 1045 608 mvms.

235 690 313 737 esset
333 683 529 743 irmnedlatus,
550 682 698 749 coiectum
717 687 873 737 non-esset
893 680 1122 736 beatificativum
1150 698 1201 751 per
1226 698 1267 747 se,
1288 682 1341 737 sed
1361 698 1412 751 per

236 762 330 827 aliud,
344 771 373 815 et
385 766 600 831 consequenter
618 762 699 815 Deus
718 763 749 815 in
768 763 864 831 seipso
877 771 906 816 et
918 764 1112 831 perseipsum
1128 777 1187 816 non
1201 768 1279 815 esset
1290 763 1409 816 imitus.

236 841 362 911 Insuper
381 842 510 896 infinitas
530 843 653 910 requirit
667 843 800 896 intimam
815 850 844 897 et
859 844 1058 897 itmnediatam
1068 858 1185 895 omnem
1200 843 1409 911 perfectionem

235 921 411 991 simplicem:
431 938 512 975 amor
530 927 630 976 autem
659 924 846 976 innnediatus
874 924 929 976 llei
959 929 1003 976 est
1023 923 1162 991 perlectio
1181 923 1319 991 simplex3
1341 938 1412 990 prae·

234 1002 363 1055 stantius
380 1002 461 1055 enlm
479 1008 524 1055 cst
543 1002 640 1055 Deum
659 1002 784 1072 dilige-re
812 1003 981 1057 immediate
1010 1007 1039 1056 et
1059 1002 1088 1055 in
1108 1018 1150 1063 se,
1171 1017 1261 1071 quam
1283 1002 1411 1055 mediate

235 1082 313 1135 etin
333 1082 402 1135 alio:
423 1098 493 1151 ergo
513 1082 593 1134 Dens
613 1083 743 1151 seipsum
764 1083 902 1150 prinmrlo
915 1082 1024 1151 diligit.

288 1164 428 1215 &cunda
445 1177 516 1227 pars
533 1180 586 1229 pet·
604 1179 633 1215 se
650 1164 738 1229 potet.
761 1178 867 1230 nempe
886 1162 964 1231 quod
984 1164 1083 1221 .·lntor.
1105 1178 1162 1231 qao
1182 1161 1262 1215 Dens
1281 1161 1408 1230 seipsam

233 1241 339 1309 alitent,
360 1241 398 1293 sit
416 1242 678 1309 eornprelrensieus:
693 1242 749 1296 llle
762 1242 841 1295 enim
862 1258 943 1294 aemr
960 1250 1005 1295 est
1018 1242 1289 1311 comprehensivus,
1305 1241 1357 1310 qui
1372 1242 1410 1294 ita

234 1322 382 1391 perlectus
401 1328 445 1375 est
466 1322 496 1373 in
516 1322 628 1375 ratione
647 1322 811 1387 annuisse
824 1322 972 1387 obiectum
986 1323 1147 1391 perlectum
1164 1322 1192 1374 in
1208 1323 1319 1375 ratione
1332 1337 1411 1375 ama-

235 1402 313 1465 bitis,
334 1402 446 1470 quique
465 1416 528 1454 sese
547 1401 681 1455 (extendit
698 1402 735 1453 od
755 1418 788 1455 ea
809 1403 908 1455 ornnia
921 1418 988 1470 quae·
1002 1403 1033 1454 in
1047 1402 1161 1467 objecto
1176 1407 1246 1456 sunt
1259 1402 1409 1455 arnabilia:

235 1482 287 1535 scd
307 1480 476 1547 huitrsmodi
496 1487 540 1534 est
558 1496 640 1534 arnor
658 1480 713 1533 Dei
733 1497 803 1551 erga
823 1482 963 1550 scipsum,
986 1484 1026 1535 ito
1045 1498 1174 1550 nemque
1198 1484 1345 1550 perlectus
1366 1492 1410 1535 est-

236 1562 267 1613 in
287 1562 399 1614 ratione
419 1561 537 1615 amoris.
557 1576 592 1613 ac
606 1560 753 1625 objectum
773 1572 817 1615 est
831 1563 992 1629 perlectum
1008 1562 1036 1614 in
1053 1562 1164 1615 ratione
1179 1562 1326 1623 amabilis,
1341 1578 1408 1615 cum

236 1645 396 1708 utrumque
415 1641 454 1693 sit
474 1640 588 1694 infinite.
608 1644 780 1708 perlectunn
801 1658 865 1695 sese
885 1642 993 1709 pariter
1011 1642 1146 1695 extendit
1165 1642 1201 1694 ad
1224 1642 1324 1695 onmia
1342 1656 1408 1709 quae

234 1722 266 1773 in
288 1721 349 1775 Deo
367 1732 438 1773 stmt
455 1721 606 1778 arnaltilia.
627 1722 766 1774 nimirum
796 1722 833 1774 ad
862 1722 1030 1785 essentiam,
1056 1722 1197 1775 attributa
1217 1730 1246 1775 et
1266 1721 1410 1775 Personas

235 1799 363 1853 divinas:
383 1808 412 1853 et
431 1806 645 1868 ‹solisequenter
666 1800 716 1853 ille
735 1817 818 1853 arnor
836 1816 904 1853 vere
924 1808 968 1854 est
987 1801 1260 1869 ‹toinprehensivus

288 1884 440 1933 Probatur
458 1882 553 1932 tertia
570 1897 652 1946 pars,
674 1897 779 1949 nempe·
798 1881 876 1949 quod
896 1881 1009 1933 latiales
1028 1880 1189 1933 asseruistis
1210 1880 1264 1933 Dei
1282 1880 1320 1932 sil
1335 1880 1410 1932 ratio

233 1961 330 2029 petae
351 1960 456 2019 tranire
476 1961 516 2013 (al
533 1960 582 2011 sni
600 1978 740 2014 ‹ttttoretttt
761 1960 837 2013 Turn
859 1962 927 2029 quia
948 1977 982 2013 eo
1002 1961 1087 2014 modo
1106 1960 1209 2014 divina
1224 1960 1367 2014 Voluntas
1379 1976 1410 2013 se

234 2042 322 2094 habet
341 2040 378 2093 ad
397 2056 484 2093 suum
505 2040 651 2105 ‹mjeetum
672 2041 810 2096 arnaltile.
839 2041 917 2094 sieut
946 2041 1114 2095 intellectus
1142 2040 1179 2093 ad
1199 2040 1409 2109 cognoscibile:

231 2121 283 2173 sed
303 2121 411 2174 veritas
430 2120 596 2173 essentialis
616 2128 660 2173 est
679 2120 826 2185 coiectum
844 2121 936 2189 {trimo
951 2122 1093 2174 motivum
1106 2120 1200 2174 divini
1222 2120 1406 2175 Intellectus:

233 2216 303 2269 ergo
323 2201 411 2254 tetiam
431 2200 597 2253 essentialis
617 2200 732 2253 bonitas
751 2208 796 2253 est
814 2201 962 2267 olptetum
982 2202 1111 2269 primum
1137 2201 1278 2255 motivum
1299 2200 1409 2253 divinae

235 2280 411 2333 Voluntatis.
425 2310 458 2317 —
475 2278 594 2335 Intrate.
617 2280 692 2332 illud
711 2280 805 2347 ptimo
827 2286 922 2333 movet
935 2280 1066 2333 ‹livinam
1082 2280 1264 2334 voluntatem
1280 2280 1317 2333 ad
1330 2296 1408 2334 arno-

236 2376 306 2413 rem.
327 2359 405 2427 quod
426 2374 477 2426 per
495 2374 526 2410 se.
545 2359 639 2425 primo
658 2360 890 2427 apprelwndituv
908 2376 923 2411 a
938 2360 1039 2413 divino
1054 2359 1211 2413 Intellectu
1224 2369 1258 2413 nt
1270 2360 1409 2423 artraltile,

236 2440 383 2505 objectum
403 2438 482 2490 enim
501 2438 663 2491 voluntatis
694 2448 738 2492 est
767 2441 874 2493 bonum
905 2440 1133 2507 apprehensum:
1153 2440 1204 2491 sed
1230 2440 1347 2493 bonitas
1366 2454 1408 2493 es-

235 2519 369 2573 sentialis
389 2534 440 2586 per
463 2534 494 2569 se
522 2519 616 2586 primo
642 2519 873 2587 apprehenditur·
901 2521 937 2571 alt
965 2519 1124 2573 lntcllectn
1149 2520 1259 2585 divium
1281 2520 1410 2573 essentia

235 2614 364 2666 namque
382 2598 485 2651 ‹livina
503 2606 532 2650 et
552 2598 707 2665 paemene
727 2600 895 2652 essentialia
922 2601 1005 2667 prins
1030 2601 1241 2668 concipiuntur
1259 2615 1348 2667 quam
1368 2604 1409 2652 at-

233 2679 342 2733 tributa
356 2686 385 2734 et
398 2690 503 2732 <teretem
523 2678 580 2732 alia
601 2695 667 2747 quae
687 2680 819 2732 divinam
843 2680 1004 2734 lissentiam
1026 2680 1230 2734 circumstant:
1251 2695 1322 2750 ergo
1350 2684 1406 2734 etc.

232 2791 266 2798 —
286 2759 427 2829 Ilern'qee.
449 2759 472 2811 si
493 2758 564 2826 quid
584 2759 666 2812 alind
686 2760 830 2829 assignari
852 2769 948 2828 patsset
968 2776 1020 2828 pro
1045 2749 1159 2828 olgjteto
1184 2761 1278 2828 primo
1298 2761 1407 2814 motivo

232 2841 341 2894 ‹tiviree
362 2840 532 2907 voluntatis,
553 2841 680 2893 nntxlme
700 2840 745 2892 vel
767 2840 882 2908 aliquid
903 2841 989 2900 intra,
1011 2841 1056 2893 vel
1072 2841 1187 2908 aliquid
1201 2847 1283 2894 extra
1299 2841 1406 2893 lleunr:

232 2920 283 2972 sed
303 2927 441 2974 nentrum
461 2919 518 2971 (liei
539 2925 642 2987 potest.
664 2921 728 2972 Xon
750 2919 866 2988 (lotidem
887 2920 1003 2988 ettqaee'd
1021 2923 1104 2972 crire
1128 2920 1232 2973 lleeet:
1253 2927 1315 2973 tum
1336 2920 1405 2988 quia

232 3001 333 3052 divina
355 2999 497 3052 l'olnntas
517 3000 681 3054 vilesceret.
702 3000 726 3050 si
756 3001 793 3051 al)
822 3000 922 3067 aliquo
950 3001 1009 3051 allo
1036 3004 1119 3053 extra
1140 3017 1170 3053 se
1198 3006 1295 3067 posset
1314 3001 1408 3066 primo

233 3080 353 3148 moveri.
374 3085 407 3132 nt
422 3079 485 3142 'jann
504 3094 522 3131 a
540 3078 629 3132 simili
649 3079 761 3132 dietum
776 3086 821 3132 est
833 3079 869 3131 de
882 3080 984 3132 «livino
1001 3079 1168 3133 [nnlleetuz
1190 3089 1250 3132 tum
1273 3081 1342 3148 quia
1362 3095 1404 3132 so-

230 3169 371 3228 queretur
388 3158 520 3210 divinnm
541 3158 728 3212 l'oluntatern
751 3159 877 3226 pendere
898 3162 934 3212 ab
953 3159 1053 3227 aliquo
1073 3160 1249 3214 extrinseco.
1266 3160 1345 3226 quod
1365 3159 1407 3212 dt-

230 3240 308 3292 vime
329 3238 565 3305 independenter
593 3238 713 3291 onmino
742 3247 899 3308 repugnat:
929 3249 990 3292 tute
1011 3239 1140 3308 deniqne
1164 3241 1233 3308 qnia
1261 3245 1403 3292 ereatura·¹

229 3336 288 3373 non
310 3319 418 3372 lraltent
438 3319 578 3371 rationem
593 3318 699 3385 alperti
721 3319 813 3386 primo
829 3320 928 3374 motivi
944 3320 1052 3373 tlivimu
1068 3319 1246 3376 Voluntatis.
1262 3328 1294 3373 nt
1309 3319 1405 3372 l'usins

230 3400 366 3468 sequenti
386 3397 554 3461 Qtnestione.
573 3399 752 3466 probabitur.
778 3401 839 3451 Non
862 3400 948 3452 elane
973 3401 1145 3452 senatulum:
1171 3415 1238 3452 enm
1263 3401 1343 3452 terrim
1363 3400 1405 3452 dl-

230 3481 300 3534 vina
321 3481 453 3533 llssentia
468 3480 506 3532 sit
519 3486 625 3532 natura
645 3481 723 3547 prior
738 3479 772 3531 iis
786 3481 933 3542 omnibus,
949 3497 1015 3548 qntc
1040 3480 1120 3533 illam
1145 3480 1339 3533 circumstant
1353 3495 1404 3546 per

232 3561 348 3613 modum
370 3559 554 3628 proprietatis
574 3561 750 3626 penei-tiva.
772 3567 822 3612 ant
838 3561 988 3613 relationis
1002 3560 1175 3628 personalis.
1191 3561 1227 3611 alr
1243 3559 1302 3611 illis
1316 3575 1400 3612 suam

230 3639 416 3693 essentialem
438 3639 645 3706 perlectionem
666 3655 723 3690 non
744 3639 861 3706 ataipit.
884 3640 941 3692 imo
961 3640 1058 3707 potins
1078 3646 1122 3692 est
1150 3655 1250 3692 earum
1274 3639 1355 3691 radis
1376 3647 1405 3692 et

229 3721 322 3787 origo:
342 3725 371 3771 et
390 3727 604 3784 consequenter·
623 3719 660 3770 al)
680 3718 739 3770 illis
759 3735 816 3770 non
840 3723 931 3786 potest
951 3719 1084 3786 aeeipere
1098 3721 1157 3771 vim
1175 3718 1352 3772 terminandi
1364 3719 1406 3771 di·

231 3799 329 3851 vinnm
350 3797 550 3850 Voluntatem:
572 3813 625 3850 nee
647 3796 705 3848 ille
726 3798 917 3864 proprietates
937 3799 1104 3866 perlectiva·
1125 3811 1176 3852 aut
1191 3799 1321 3852 relativa·
1342 3815 1405 3867 pos-

229 3887 299 3931 sunt
318 3891 382 3930 esse.
402 3877 528 3928 rationes
547 3885 665 3944 propter
683 3891 757 3944 quas
780 3876 881 3929 divina
912 3878 1056 3932 l'olnntas
1086 3879 1251 3932 Essentiam
1272 3879 1405 3932 divinam

229 3972 327 4012 atnoee
347 3963 549 4024 prosequatur.
566 3985 597 3993 -
611 3955 726 4018 Quilms
740 3965 818 4024 patet
837 3957 999 4010 tentionem
1016 3959 1217 4012 tto-tomento
1234 3975 1291 4012 non
1308 3975 1403 4027 posse,

230 4039 337 4092 habere.
357 4035 498 4090 rationem
518 4035 624 4102 olpeeti
650 4037 744 4104 primo
771 4038 931 4090 moventis:
952 4045 1014 4091 tum
1036 4040 1106 4106 quia
1133 4039 1183 4091 illa
1204 4040 1403 4108 prtesnpponit

227 4117 388 4172 bonitatem
408 4115 595 4168 essentialem
614 4131 633 4168 a
651 4131 709 4184 qua
729 4124 857 4170 emanat:
879 4121 941 4171 tum
961 4119 1032 4186 quia
1050 4134 1119 4170 eum
1142 4119 1180 4172 sit
1206 4119 1334 4187 speciale
1366 4130 1407 4172 at·

229 4200 383 4254 tributum.
411 4196 511 4248 oninia
538 4211 605 4264 quae
632 4196 662 4248 in
689 4196 752 4250 Deo
772 4204 841 4251 sunt
862 4213 920 4250 non
939 4198 1072 4252 eontinet
1090 4198 1266 4256 virtualiter.
1288 4200 1408 4254 acerni-

230 4289 343 4333 nenter.
363 4275 415 4330 sed
434 4275 529 4328 solnm
551 4274 668 4329 realiter
685 4285 715 4329 et
738 4276 876 4342 identiee3
906 4278 1019 4332 scilicet
1048 4282 1166 4346 propte-r
1194 4295 1278 4332 snam
1299 4278 1405 4333 identi-

229 4365 319 4412 tatem
339 4357 446 4410 realem
466 4372 533 4409 enm
555 4357 635 4424 ipsis.
659 4355 791 4410 llssentia
812 4363 909 4412 arinen
931 4357 1033 4411 divina
1048 4359 1159 4412 ratione
1172 4374 1234 4411 sua·
1247 4359 1399 4412 bonitatis.

228 4443 258 4492 et
277 4437 463 4506 perlectionis
482 4435 659 4502 (sentietis,
680 4436 788 4491 nedum
810 4437 947 4496 identice,
968 4437 1020 4492 sed
1033 4437 1121 4492 etim
1134 4439 1312 4497 virtualiter.
1334 4439 1404 4492 eml-

228 4523 333 4572 nenter
350 4523 380 4570 et
399 4515 575 4581 radicaliter,
597 4517 627 4570 in
646 4532 701 4571 suo
713 4517 828 4570 t'ormali
842 4525 987 4586 conceptu
1000 4518 1132 4572 continet
1145 4533 1262 4572 omnem
1277 4519 1399 4572 oemino

228 4595 448 4666 perlectionem.
462 4597 526 4648 sivo
538 4595 737 4660 essentialem,
751 4597 815 4652 sive
827 4597 1039 4664 attributalem‚
1051 4598 1115 4652 sive.
1129 4599 1292 4652 relativam.
1311 4597 1404 4652 Adeo-
