3067 5400
176 571 220 637 70
555 589 600 637 ua
623 588 788 637 scrusrm
813 588 974 637 vrsroms.

174 713 329 765 seientiam
348 711 577 779 conjecturalem
591 711 696 765 talium
710 710 990 777 condemnatorum,
1005 710 1056 764 sed
1072 724 1169 779 neque
1182 711 1344 773 sonaalem.

174 800 205 845 at
223 797 339 846 tantum
359 790 515 846 virtualem
530 798 560 845 et
572 791 804 858 emineatielem‚
820 806 854 844 eo
872 790 962 859 quod,
987 790 1094 859 inquit,
1116 791 1236 845 nullum
1256 790 1294 845 de
1312 798 1352 845 ta-

175 872 253 924 libus
273 872 472 925 eomlitionate
490 872 600 925 suturis
618 872 650 925 iu
671 872 733 945 Deo
752 872 791 925 sit
810 870 962 925 deeretum
977 870 1100 925 formale
1113 876 1143 925 et
1155 870 1285 935 actuale,
1297 871 1347 926 sed

174 951 269 1006 solum
289 950 479 1005 erninentiale
491 958 521 1005 et
533 950 671 1005 virtuale.
688 948 793 1005 Creteri
814 966 883 1004 vero
898 949 1042 1020 Theologi
1055 952 1192 1004 unanimi
1207 966 1353 1005 consensu

175 1032 282 1085 doeent
300 1031 396 1085 Deum
416 1036 494 1085 eerte
514 1035 543 1085 et
561 1036 631 1085 netu
650 1030 723 1085 talia
741 1031 943 1084 conditionate
962 1032 1062 1085 lutura
1082 1045 1274 1101 cognoscere,
1291 1032 1354 1100 qui-

178 1112 302 1165 buseum
322 1116 356 1164 ut
375 1112 548 1175 sentiamus
568 1112 607 1165 sit

220 1269 459 1327 conclusio
480 1270 619 1326 unloa.
639 1301 675 1309 -
694 1270 782 1325 Durrs
802 1284 904 1325 currro
924 1284 1083 1325 ermserrr
1112 1284 1351 1325 ‹arsrrsessrm

178 1364 415 1405 eesnrrresarn
437 1366 572 1405 erraras.

229 1432 381 1483 Probatur
401 1431 425 1482 l.
447 1430 592 1498 pluribus,
613 1430 665 1483 sed
685 1431 814 1484 maxime
833 1430 929 1484 tribus
949 1428 1109 1499 Seripturru
1133 1430 1276 1496 textibus,
1291 1430 1355 1499 qui·

178 1512 233 1563 lius
252 1514 332 1563 certa
344 1516 374 1563 et
387 1509 554 1563 irrlalnnilrs
567 1510 603 1563 de
617 1510 662 1562 liis
676 1510 877 1565 conditionate
890 1512 997 1564 l'uturis
1008 1512 1114 1565 notitia
1129 1509 1190 1563 lieo
1205 1510 1354 1564 tribuitur.

179 1589 300 1642 I’rr‘anrs
318 1594 417 1643 textus
436 1606 473 1643 ex
494 1589 704 1643 illustrioribus
733 1590 845 1660 legitur
874 1592 916 1643 le.
938 1590 1010 1660 Reg.
1032 1606 1096 1659 eap.
1118 1590 1162 1643 23.
1184 1589 1237 1643 ubi
1257 1588 1353 1643 David

178 1685 246 1723 eum
259 1669 355 1723 Deum
370 1670 578 1739 interrogasset
589 1676 619 1724 et
632 1670 832 1724 consuluisset
846 1670 892 1723 his
905 1672 1014 1737 verbis,
1029 1669 1155 1723 Domine
1169 1668 1251 1723 Deus
1264 1670 1356 1724 Isrrrel

176 1749 291 1803 rrrcdier'l
308 1748 426 1816 firnmm
444 1766 544 1803 serras
563 1753 633 1803 aas
651 1752 729 1819 qumi
756 1750 895 1819 disportari
922 1752 996 1803 ,S'rrrrl
1021 1750 1115 1803 turin-e.
1135 1749 1167 1803 r‘n
1189 1749 1301 1804 eriam
1320 1752 1351 1802 et

176 1832 282 1883 eramo!
302 1831 400 1883 erton
417 1832 536 1899 prepter·
556 1848 610 1884 me:
629 1830 656 1883 si
674 1832 791 1884 trialenl
812 1846 855 1883 me
876 1830 930 1883 eire'
946 1830 1029 1884 er‘loe
1043 1830 1075 1883 in
1088 1846 1198 1883 triones
1211 1831 1286 1895 ejas.
1302 1830 1358 1885 Re·

178 1911 326 1980 spondeas
345 1910 501 1971 Dominus,
521 1912 573 1973 ait,
593 1912 751 1964 desrmalel.
774 1911 886 1964 ltursus
906 1910 1014 1977 David,
1035 1910 1062 1962 si
1087 1910 1204 1963 tanam
1229 1926 1276 1963 mo
1303 1908 1356 1963 er'rt'

181 1990 265 2044 tede
283 1993 309 2043 ei
330 1990 404 2043 eires
422 1990 475 2059 qai
493 2007 605 2043 laertem
625 1992 696 2043 sani
715 1990 745 2042 in
766 2006 876 2043 traines
895 1990 1015 2043 Narelia!
1041 1991 1079 2043 Εἰ
1097 1989 1176 2043 ‹ttrit
1194 1988 1354 2049 Dorairnm,

179 2072 304 2123 irurlenl.
325 2070 439 2133 Quibus
457 2071 556 2123 verbis
583 2075 699 2123 eonstot
727 2070 821 2139 prirrro
840 2070 986 2123 Davidem
1006 2071 1213 2139 interrogasse,
1234 2084 1296 2123 nou
1314 2068 1351 2121 de

178 2152 315 2219 praesenti
341 2150 437 2203 solum
462 2149 569 2203 adiectu
598 2148 697 2203 Saulis
716 2155 746 2204 et
765 2149 964 2216 cellariorum,
986 2149 1037 2203 sed
1057 2150 1094 2203 de
1113 2154 1224 2205 eventu
1243 2152 1356 2216 futuro,

178 2231 251 2284 dieit
266 2231 346 2282 enim
364 2229 391 2282 ai
404 2230 529 2282 tractari.
545 2228 570 2282 2.
588 2228 720 2284 Eventus
735 2229 785 2283 ille
796 2230 852 2283 l'nit
864 2235 981 2283 tantmn
994 2231 1112 2283 iuturus
1138 2230 1352 2295 conditionate,

179 2311 326 2379 siquidem
346 2310 383 2363 de
403 2310 479 2363 laete
498 2309 595 2362 llavid
616 2326 675 2362 non
695 2311 836 2364 remansit
856 2308 955 2375 Ceilre,
981 2324 1036 2363 nee
1051 2310 1090 2363 ibi
1117 2310 1288 2379 expectavit
1306 2308 1356 2362 ad·

182 2399 304 2444 ventum
333 2388 442 2442 Saulis.
466 2388 551 2443 Unde
583 2390 645 2443 lnee-
677 2391 795 2445 traditio
823 2407 840 2442 a
869 2388 999 2443 Cellanis
1028 2405 1087 2443 noa
1116 2396 1179 2443 erat
1208 2390 1357 2457 absolute,

181 2470 234 2523 sed
263 2474 378 2523 tantum
407 2470 607 2523 conditionate
634 2472 743 2525 futura.
774 2472 800 2523 3.
822 2470 903 2523 Deus
923 2470 1057 2524 absolute
1077 2476 1106 2523 et
1124 2470 1189 2523 siue
1208 2468 1272 2523 ulla
1296 2484 1357 2523 mo-

177 2550 349 2603 dificatione
367 2564 429 2602 sure
448 2550 618 2603 assertionis
644 2551 796 2619 respoudit
824 2550 860 2603 de
885 2548 985 2615 Saule,
1000 2550 1158 2609 desmate,
1183 2554 1213 2603 et
1227 2547 1360 2603 Ceilonis

184 2630 316 2682 tradent:
346 2644 416 2699 ergo
444 2634 605 2697 utrumque
632 2632 806 2699 prreseiebat
827 2636 906 2683 certo
934 2634 964 2683 et
989 2628 1194 2694 inlallibiliter,
1224 2628 1358 2699 alioquin

183 2726 266 2764 suam
287 2711 478 2764 assertionem
492 2711 623 2779 periculo
637 2710 775 2766 liilsitatis
787 2711 982 2780 exposuisset,
997 2711 1076 2778 quod
1089 2725 1219 2764 asserere
1233 2710 1358 2779 impium

187 2797 273 2846 esset.
289 2789 374 2844 Adde
387 2791 465 2859 quod
480 2791 561 2845 lleus
581 2792 737 2860 respondet
756 2792 792 2844 de
812 2792 911 2845 tuturo
930 2797 1039 2844 eventu
1059 2790 1187 2859 qualiter
1206 2789 1292 2844 illum
1313 2805 1360 2844 co·

181 2872 353 2940 gneseebat,
373 2871 500 2924 affirmat
519 2877 618 2925 autem
638 2872 825 2925 traditionem
846 2870 928 2924 illam
948 2872 1088 2932 suturam,
1109 2871 1134 2923 sl
1148 2869 1247 2923 David
1267 2885 1359 2924 rema·

181 2957 264 3005 neret
283 2949 387 3004 Gedru:
407 2966 478 3020 ergo
491 2951 686 3004 determinate
699 2959 728 3004 et
741 2955 821 3004 eerto
836 2950 916 3002 illam
937 2951 1124 3004 traditionem
1138 2965 1175 3002 ex
1188 2949 1360 3004 conditione

180 3036 369 3099 eognorerat,
390 3035 424 3084 ut
442 3032 564 3098 exponit
584 3029 614 3084 S.
637 3031 717 3083 Hier.
739 3031 777 3083 ad
799 3030 850 3082 illa
869 3031 970 3097 verba,
989 3029 1016 3084 si
1036 3031 1152 3083 tradent
1167 3045 1211 3082 me
1225 3029 1283 3082 eirr'
1294 3033 1320 3084 et
1332 3029 1359 3084 si

180 3111 329 3163 ‹lesreralet
356 3109 439 3168 Saue
470 3110 639 3176 descendet,
670 3110 776 3178 inquit,
807 3110 892 3178 quasi
912 3110 1033 3174 diceret,
1055 3111 1079 3162 si
1101 3111 1148 3162 lrie
1168 3109 1284 3164 steteris
1309 3110 1360 3164 de-

181 3189 303 3243 seendet
321 3195 351 3243 et
369 3189 449 3258 quod
468 3191 519 3256 ait,
539 3189 566 3242 si
585 3191 701 3242 irmioni
723 3207 765 3242 are
787 3189 841 3242 riri
863 3189 946 3244 t'eiloe
964 3195 994 3244 et
1013 3189 1161 3242 Dominus
1174 3190 1216 3242 ait
1229 3190 1358 3254 trudeat,

183 3271 237 3324 iste
255 3275 300 3324 est
318 3285 434 3338 sensus,
449 3270 474 3323 si
488 3270 673 3324 deseenderit
685 3267 757 3325 Saul
771 3275 801 3324 et
815 3272 903 3324 triete
917 3270 1073 3330 invenerit,
1089 3270 1214 3324 tradent.
1229 3271 1360 3324 -Alter

182 3359 282 3405 textus
301 3350 458 3405 deducitur
476 3367 514 3404 ex
533 3348 692 3420 Sapientiae
712 3353 739 3404 l.
760 3367 824 3420 eap.
846 3351 896 3404 ubi
911 3351 947 3404 de
957 3351 1047 3418 justov
1058 3350 1201 3418 prmeipiti
1215 3355 1308 3404 morte.
1321 3365 1359 3404 ex

183 3432 238 3484 hae
257 3433 320 3484 vita
338 3431 475 3500 adempto
494 3431 612 3486 dieitur:
634 3434 738 3500 rapias
756 3433 807 3494 esi,
830 3446 864 3483 ne
884 3430 998 3482 amlilia
1027 3431 1153 3482 memmi
1181 3428 1358 3483 intellectam

181 3513 254 3576 eius,
276 3514 329 3562 arri
351 3528 384 3564 ne
404 3511 481 3579 fietio
499 3511 639 3580 cler-imme!
651 3511 787 3564 ‹rai-mam
808 3510 898 3564 illins.
915 3509 1029 3572 Quibus
1042 3510 1140 3563 verbis
1160 3509 1358 3578 significatum

184 3590 284 3645 I’rirao
303 3593 433 3645 futuram
454 3592 536 3644 illam
557 3593 748 3646 mutationem
770 3597 799 3645 et
818 3591 1020 3658 deceptionem
1048 3593 1163 3643 tantum
1184 3589 1240 3642 sub
1259 3589 1359 3644 eondi-

182 3671 262 3725 tioue
289 3685 349 3723 non
378 3671 524 3739 ponenda,
549 3687 656 3739 nempe
674 3672 699 3723 si
719 3672 788 3724 talis
807 3671 921 3724 diutius
943 3670 1077 3724 vixisset.
1100 3669 1232 3722 Ser-arato
1259 3669 1357 3724 Deum

182 3750 326 3816 adonius
345 3757 451 3804 nutum
471 3751 534 3804 vite
551 3759 581 3804 et
599 3766 678 3804 mors
697 3751 850 3804 hominum
871 3750 1007 3816 solvitur,
1031 3756 1110 3804 eerto
1132 3749 1251 3803 novisse
1273 3749 1358 3804 illam

182 3833 313 3884 luteram
337 3831 529 3884 nnrtutionem
555 3836 585 3884 et
606 3830 820 3898 deceptionem,
848 3832 873 3884 si
894 3831 995 3896 justus
1018 3830 1068 3884 ille
1087 3830 1200 3884 diutius
1222 3829 1359 3894 vixisset,

183 3909 317 3977 alioquin
347 3910 515 3964 inconsulto
546 3911 642 3979 ipsum
674 3915 767 3964 morte
797 3911 942 3980 praecipiti
977 3911 1122 3979 rapuisset
1152 3925 1168 3962 e
1198 3909 1287 3976 vivis,
1321 3923 1361 3963 ae

184 3988 298 4042 malitia
323 3996 450 4044 mutaret
468 3990 654 4045 intellectum
680 3991 754 4058 ejus.
780 4021 816 4029 -
846 3990 959 4044 Tertius
983 3995 1082 4044 textus
1113 3989 1225 4060 legitur
1251 3989 1356 4044 llatth.

185 4071 227 4123 ll.
261 4075 291 4122 et
321 4068 412 4123 Lueze
444 4073 487 4124 le.
520 4071 571 4124 ubi
604 4069 739 4124 Christus
771 4070 886 4124 duabus
916 4071 1087 4125 eivitatibus
1118 4069 1210 4122 Israel
1241 4073 1362 4140 propter

183 4165 284 4203 earum
304 4151 416 4204 civium
435 4151 658 4205 obdurationem
684 4152 860 4220 exprobans,
885 4152 937 4206 ait:
970 4151 1017 4205 l'oe
1042 4149 1093 4202 iai
1121 4148 1285 4214 torrozoin,
1315 4151 1361 4204 Vre

184 4229 235 4284 liei
256 4229 422 4288 Bethsaida.
451 4231 521 4300 qaia
539 4231 567 4282 si
587 4231 618 4284 in
653 4232 729 4301 'I'pro
749 4233 775 4283 el
797 4230 903 4284 Sidone
928 4229 1015 4298 firrtm
1032 4232 1126 4284 essent
1144 4229 1274 4294 virtutes,
1294 4245 1360 4299 quoe

181 4309 269 4376 faelae
285 4312 356 4364 sarni
375 4309 406 4363 in
429 4311 514 4371 rolris,
534 4311 605 4364 olim
625 4309 655 4364 in
675 4310 768 4363 ‹illm›
787 4313 812 4363 et
825 4310 919 4364 itinere
937 4309 1140 4379 prandentium
1154 4309 1287 4378 epissent.
1312 4309 1359 4364 Vt·

185 4390 350 4442 ramtomen
370 4390 434 4443 dieo
455 4391 539 4452 rolris,
560 4391 635 4458 Tyro
648 4393 673 4442 el
685 4389 790 4443 Sidon-i
804 4389 955 4444 reaiism'rrs
973 4390 1027 4444 erit
1040 4389 1070 4443 r'n
1085 4388 1250 4456 ‹liejmtieii
1267 4405 1361 4459 qiurm

186 4467 270 4522 rubis.
291 4467 405 4532 Quibus
424 4471 523 4524 verbis
541 4474 657 4524 constat
673 4469 772 4538 primo
801 4468 950 4524 Christum
975 4471 1055 4540 loqui
1076 4470 1172 4524 solum
1192 4469 1228 4523 de
1247 4473 1359 4524 eventu

183 4546 384 4604 conditionate
402 4551 513 4616 tuturo,
533 4565 641 4618 nempe
653 4549 691 4602 de
702 4549 879 4618 penitentia
898 4549 1056 4618 Tyriorum
1076 4555 1105 4604 et
1118 4547 1319 4618 Sidoniorum,
1333 4549 1357 4604 si

184 4625 319 4684 Christus
337 4629 417 4698 apud
435 4644 485 4684 eos
504 4629 558 4682 illa
577 4627 722 4684 miracula
746 4629 854 4684 luisset
878 4637 1025 4699 operatus,
1049 4645 1116 4700 quar
1136 4630 1166 4683 in
1186 4629 1361 4686 civitatibus
