3067 5400
175 611 220 679 68
559 628 606 677 oa
630 629 792 677 seranna
816 628 971 677 visionis.

175 769 230 822 que
249 750 373 820 fideliter·
391 752 417 801 et
438 750 573 803 aaraeder
585 752 766 818 errat-sitarum,
783 752 859 804 illud
874 754 905 803 nt
917 752 985 803 bene
999 752 1163 811 eredentes.
1179 754 1231 805 diro
1243 756 1277 806 ut
1290 754 1355 807 bene

175 834 320 885 eiaimeai.
342 830 456 894 Quibus
475 836 590 885 eonstat
610 831 741 884 divinant
761 832 976 900 praeseientiarn
996 846 1164 900 supponere
1183 838 1299 887 nostros
1323 833 1353 887 li-

174 916 260 967 beros
279 916 374 977 aetus
395 912 528 979 adeoque
548 912 607 965 illis
627 927 686 965 non
707 911 831 965 officere.

230 993 342 1046 inens:
364 991 476 1044 Divina
494 992 680 1060 praescientia
698 992 839 1059 supponit
858 992 1025 1045 decretum:
1040 991 1091 1045 sed
1111 992 1191 1059 quod
1204 998 1281 1047 esta
1293 994 1354 1047 Deo

176 1075 338 1137 decretum,
350 1077 394 1125 est
414 1072 624 1137 neeessariunr,
639 1087 698 1124 non
712 1077 811 1125 autern
827 1071 971 1124 liberunt:
991 1086 1061 1140 ergo
1083 1071 1187 1125 ‹iii-'ina
1200 1074 1354 1141 przeseien·

176 1156 219 1209 tia
237 1153 378 1223 supponit
397 1168 457 1205 rern
471 1151 678 1219 neeessariam,
693 1167 752 1204 non
766 1156 865 1205 autern
881 1152 1012 1211 liberam.
1028 1152 1129 1218 Merjor
1141 1158 1223 1220 patet
1236 1168 1274 1206 ex
1284 1169 1353 1222 prae·

175 1234 292 1289 cedenti
311 1232 488 1295 Quaestione.
510 1230 612 1283 Μίνωι·
630 1246 699 1283 vero
718 1232 868 1300 probatur:
889 1230 962 1284 illud
983 1235 1027 1284 est
1046 1231 1259 1301 necessarium,
1276 1232 1353 1301 quod

176 1331 236 1368 non
255 1318 352 1382 potest
370 1327 429 1364 non
449 1326 527 1375 esse3
558 1311 609 1363 sed
629 1311 707 1379 qued
727 1316 772 1364 est
791 1327 807 1363 a
827 1311 889 1364 Deo
909 1311 1070 1373 eluctatum,
1090 1326 1151 1364 non
1171 1317 1268 1379 potest
1296 1328 1353 1366 non

176 1410 260 1447 asse:
281 1408 352 1462 ergo
371 1398 416 1445 est
435 1391 644 1445 necessarium.
665 1422 701 1429 —
720 1393 887 1457 Distinguo
906 1394 1068 1458 majorem:
1088 1390 1174 1453 Quod
1193 1397 1239 1446 est
1258 1394 1353 1447 dee-re

177 1484 251 1539 turn,
272 1477 316 1526 est
336 1472 535 1525 neeessariam
564 1472 741 1525 necessitate
759 1471 963 1539 consequenti,
983 1471 1132 1538 concedo,
1153 1473 1351 1539 antecedenti,

177 1569 264 1623 nego.
286 1550 371 1631 Siout
398 1552 478 1604 enirn
498 1552 579 1605 Deus
603 1551 733 1605 ‹leo-revit
757 1566 818 1603 rein
844 1552 984 1611 t'uturarn,
1006 1552 1046 1604 ita
1064 1552 1175 1619 pariter
1195 1552 1288 1607 libere
1307 1554 1352 1607 de·

178 1648 298 1687 eernere
317 1633 413 1700 potuit
432 1631 514 1684 illarn
534 1647 594 1684 non
612 1647 676 1684 esse
700 1634 841 1685 tunnam.
862 1630 1004 1699 Adeoque
1028 1631 1097 1684 lieet
1121 1646 1167 1685 res
1193 1632 1311 1687 decreta
1337 1648 1353 1685 a

179 1714 241 1767 Deo
260 1716 295 1765 ut
313 1716 422 1773 tutum,
443 1727 502 1763 non
522 1712 614 1779 possit
633 1726 691 1764 non
706 1726 771 1765 esse
785 1712 894 1778 iutura,
915 1711 984 1779 quia
1004 1711 1083 1779 quod
1097 1726 1200 1765 revera
1222 1714 1351 1767 futurum

178 1799 232 1860 est,
253 1808 312 1845 uon
332 1795 428 1861 potest
446 1807 506 1844 nen
525 1806 589 1845 esse
608 1792 752 1857 iuturnrn,
774 1792 851 1844 sieut
870 1791 948 1858 quod
964 1806 1062 1843 revera
1077 1806 1207 1859 praesens
1224 1798 1278 1859 est,
1295 1808 1352 1845 non

177 1878 273 1943 potest
292 1887 434 1925 neeesse
453 1886 601 1940 prresens:
621 1872 818 1924 nihilominus
832 1872 895 1923 tneo
907 1871 1068 1924 necessitas
1086 1876 1131 1925 est
1150 1877 1269 1925 tantrnn
1289 1888 1353 1926 eon·

178 1968 305 2021 sequens
325 1952 362 2005 ad
384 1952 506 2005 liberam
517 1952 573 2004 Dei
592 1951 867 2005 determinationem
881 1950 918 2004 de
932 1952 1018 2005 rebus
1031 1951 1148 2004 suturis.
1166 1951 1238 2005 Haeo
1257 1958 1353 2006 autem

178 2048 364 2100 consequens
384 2032 543 2085 necessitas
563 2047 622 2084 non
641 2031 730 2084 solvit
750 2031 926 2098 libertatern,
940 2030 992 2084 sed
1009 2030 1159 2099 supponit,
1180 2030 1264 2085 Deus
1278 2032 1354 2085 enim

178 2128 238 2165 non
258 2112 390 2167 deeenrit
408 2114 522 2164 tuturos
542 2116 626 2165 aetus
645 2117 753 2165 nostne
776 2111 930 2175 libertatis,
952 2111 1009 2163 nisi
1034 2110 1085 2163 ubi
1111 2111 1142 2163 in
1168 2112 1270 2165 istanti
1295 2126 1353 2165 suto

178 2192 351 2247 aeternitatis
370 2192 419 2244 oui
439 2191 584 2257 objeetive
603 2192 703 2245 ornnia
721 2196 792 2245 sunt
811 2191 977 2259 praeseutia,
996 2191 1079 2243 sidet
1092 2189 1174 2243 illarn
1187 2206 1253 2245 sese
1266 2190 1356 2245 libere

180 2271 378 2325 deterrninare
396 2270 434 2323 ad
453 2285 522 2323 suos
550 2271 748 2338 aetus3i11arn
773 2270 852 2323 enirn
876 2286 935 2323 non
960 2270 1198 2339 praedetenninat
1223 2271 1355 2340 physice,

182 2351 234 2404 sed
254 2350 497 2415 eernieternrinat‚
517 2358 552 2405 nt
571 2352 760 2419 probavimus
781 2351 811 2402 in
832 2351 992 2404 moralibus
1011 2356 1041 2405 et
1059 2351 1089 2404 in
1109 2351 1252 2419 physicis.

582 2482 747 2552 SECTIO
773 2482 956 2550 TERTIA.

301 2598 355 2649 nn
375 2595 721 2652 cirnrrnennrraus
742 2596 1037 2651 connrrrounrn
1056 2596 1239 2653 surunrs

234 2733 278 2786 Ex
298 2732 475 2800 praroedenti
490 2733 658 2794 Quwstione
678 2732 781 2800 liquet,
797 2748 898 2786 ornnes
913 2731 1078 2802 Tlreoiegos
1092 2733 1220 2786 invicem
1235 2749 1357 2788 consen-

181 2815 246 2874 tire,
267 2814 297 2865 in
318 2812 477 2865 asserenda
489 2819 567 2865 certa
581 2812 637 2865 Dei
651 2813 756 2865 notitia
770 2812 806 2864 de.
819 2813 1061 2882 eontingentibus
1074 2812 1209 2867 absolute
1228 2814 1355 2880 suturis3

180 2900 211 2948 at
229 2909 287 2946 non
308 2893 410 2944 eadem
431 2898 475 2946 est
494 2908 595 2945 eorum
609 2893 758 2945 sententia
771 2892 807 2944 de.
820 2893 1062 2962 contingentibus
1076 2892 1278 2948 conditionate
1296 2899 1357 2948 tun·

180 2979 243 3027 turn
263 2973 382 3036 tuturis,
403 2987 455 3025 seu
475 2987 601 3039 quorum
615 2973 771 3025 existentia
786 2973 894 3040 pendet
915 2973 953 3025 ab
972 2972 1073 3041 aliqua
1092 2972 1273 3042 conditione,
1292 2989 1356 3043 quae

180 3054 205 3105 si
225 3057 383 3120 poneretur
403 3066 505 3104 revere
524 3052 695 3118 existerent3
716 3052 788 3120 qnia
807 3068 875 3105 rere
894 3068 1041 3120 nusquam
1058 3059 1185 3121 ponetur
1203 3052 1272 3107 talis
1291 3069 1357 3106 oon-

181 3130 593 3198 dino‚sicnulla111nquan
619 3132 674 3184 erit
697 3147 797 3184 eorunr
824 3133 1060 3202 contingentium
1089 3133 1257 3187 existentia.
1285 3133 1359 3186 Tres

180 3213 260 3265 enirn
280 3212 311 3264 in
330 3211 494 3264 sanandas
514 3211 642 3263 inaxinre
667 3211 845 3265 scinduntur
869 3213 985 3265 diversa
1005 3211 1224 3281 Tireoiogorunr
1246 3213 1357 3267 Moder-

181 3307 286 3344 norunr
306 3290 425 3359 planta,
446 3296 518 3344 sunt
545 3291 624 3343 enirn
644 3289 739 3359 aliqui
758 3292 834 3344 hane
854 3293 889 3345 de
909 3293 1108 3346 conditionate
1125 3293 1235 3346 futuris
1248 3299 1357 3347 certam

181 3372 244 3426 Deo
269 3371 404 3424 notitiam
428 3371 629 3438 denegantes:
659 3371 781 3438 paridam.
806 3387 876 3426 vero
900 3373 998 3426 Deum
1021 3376 1100 3426 eerto
1125 3371 1246 3440 quidem
1273 3387 1359 3426 nosse

181 3451 386 3521 contingentia
398 3450 598 3504 conditionate
612 3452 712 3504 future
724 3453 881 3512 affirmant,
894 3453 944 3504 sed
958 3452 1170 3521 praesupposito
1183 3452 1267 3520 prius
1292 3467 1359 3506 eon-

181 3533 325 3585 ditionato
344 3531 480 3584 deereto:
500 3530 595 3582 ceteri
623 3531 752 3600 denique
779 3533 963 3586 contendunt
988 3532 1071 3586 itiam
1096 3532 1133 3585 de
1156 3532 1359 3588 conditionate

181 3612 289 3665 tuturis
308 3614 418 3663 eertarn
437 3611 573 3663 not-itiam
593 3611 690 3662 Deum
705 3612 813 3664 habere
831 3613 1040 3666 antecedenter
1052 3611 1089 3664 ad
1103 3626 1191 3665 omne
1204 3611 1357 3667 decretum

182 3691 428 3756 conditionatum,
439 3695 469 3742 et
487 3690 721 3759 independenter
739 3707 757 3744 a
776 3692 908 3758 qualibet
928 3692 1118 3762 hypothetica
1130 3691 1241 3746 diviua*
1254 3692 1359 3746 voiun-

182 3770 251 3822 totis
270 3768 524 3821 determinatione.
546 3767 623 3830 Quid
643 3774 740 3824 autern
761 3771 792 3822 in
807 3774 887 3825 tanta
902 3771 1101 3826 controversia
1113 3770 1214 3824 verius
1227 3785 1360 3826 asseren-

182 3847 253 3900 durn
278 3847 326 3910 sit,
347 3846 511 3899 resolvetur
535 3848 630 3900 tribus
655 3848 686 3900 in
715 3851 910 3916 sequentibus
926 3850 1154 3913 Quaestiorribus:
1175 3849 1207 3903 in
1232 3865 1359 3920 quarum

183 3927 286 3979 Prima
306 3926 491 3994 probandum
510 3932 555 3980 est
573 3927 670 3980 Deurn
690 3935 770 3984 certo
788 3931 863 3983 seire
883 3931 1087 3999 contingentia
1106 3930 1303 3984 determinato
1316 3931 1360 3984 tu·

183 4011 259 4068 tura
281 4007 310 4058 in
336 4004 481 4073 Securae,
501 4006 685 4060 admittenda
712 4023 776 4063 esse
800 4011 831 4063 in
855 4011 918 4066 Deo
942 4011 1060 4064 decreta
1087 4010 1308 4076 conditionum
1328 4009 1360 4063 iu

187 4086 282 4139 Ter-iia
302 4100 372 4138 vero
391 4085 598 4140 resolvendum
618 4087 715 4142 Deum
736 4090 798 4143 ineo
817 4091 1017 4144 conditionate
1029 4092 1128 4144 futura
1142 4105 1229 4144 nosse
1243 4093 1359 4145 mutum

183 4166 385 4236 dependenter
403 4181 421 4218 a
439 4167 639 4221 eonditiorrato
652 4169 779 4238 deereto,
794 4171 927 4240 adeoquo
951 4171 1165 4239 explodendam
1186 4185 1253 4225 esse
1270 4170 1361 4226 scieu-

183 4245 258 4298 uam
277 4245 416 4310 medient,
438 4261 526 4314 quarn
547 4250 698 4316 tantopere
717 4250 855 4304 nonnulli
877 4251 1009 4305 Modenri
1023 4249 1167 4320 Theologi
1178 4249 1329 4318 jactitant
