3067 5400
227 554 270 622 18
583 571 762 621 aprunum
793 571 1046 621 concuroaun.

227 694 400 748 Beelrmiam.
422 693 603 748 confitemur
620 710 716 748 uarum
729 695 876 763 baptisma
894 695 927 749 in
941 694 1143 749 remissionem
1156 699 1357 764 peecatorem.
1373 694 1411 751 Bt

226 778 416 843 expeetamus
428 775 671 829 resurrectionem
682 780 863 828 mortuorum
873 794 881 841 ς
892 780 922 828 et
931 775 1023 828 sitam
1037 775 1155 828 venturi
1169 773 1286 828 saeeuli.
1298 773 1405 829 Amen.

226 883 262 892 -
281 853 389 908 Verum
408 858 452 909 est
472 852 590 908 Graeeos
610 855 640 907 in
661 852 794 908 Cone-ilio
813 854 985 909 Florentino
1006 868 1131 923 negasse
1150 852 1270 908 Latinis
1284 852 1407 923 Symbo-

227 934 290 988 lum
309 935 350 988 ita
367 948 399 987 se
419 934 536 1001 habere,
557 941 587 988 ot
605 934 752 1003 allegasse
772 949 841 987 ¹mos
860 934 986 1001 eodiees,
1007 933 1039 986 ln
1058 933 1168 1002 quibus
1188 933 1342 1003 particula
1359 933 1404 987 Fi-

225 1013 318 1083 lioque
338 1029 395 1066 non
417 1013 580 1082 legebatur.
611 1011 669 1068 Sed
689 1016 734 1079 (ιιι
753 1013 864 1067 habent
893 1013 970 1067 Aeta
987 1012 1122 1081 ejusdem
1149 1028 1222 1067 sess.
1244 1013 1286 1079 5.)
1309 1012 1401 1069 Latini

224 1094 382 1162 querulam
402 1094 637 1147 vetustissimum
658 1094 766 1147 librum
786 1094 817 1146 in
837 1092 1157 1159 meermannianam,
1178 1093 1211 1147 in
1229 1108 1292 1163 quo
1305 1093 1401 1147 eadera

225 1174 289 1242 ipsa
307 1173 450 1239 deliratio,
470 1182 667 1241 sanctumque
681 1170 825 1242 Spiritum
839 1188 876 1227 ex
896 1173 992 1233 l'atre,
1007 1172 1144 1242 Filioque
1162 1172 1326 1242 procedere
1338 1173 1404 1227 seri-

225 1258 309 1322 ptum
328 1259 400 1315 erat,
420 1259 476 1306 ete.
500 1253 544 1306 llx
562 1253 672 1321 quibus
691 1258 745 1319 est,
767 1253 875 1307 librum
902 1253 1000 1322 ipsum
1019 1253 1119 1306 statim
1138 1267 1208 1306 oum
1234 1250 1405 1307 Graeeornm

226 1334 309 1386 libris
327 1334 358 1385 in
378 1333 492 1386 eaeteris
504 1334 643 1387 omnibns
657 1333 842 1386 convenisse.
858 1332 896 1386 Et
908 1336 1050 1402 praeterea
1068 1332 1212 1387 Julianus
1226 1330 1404 1397 Cardinalis‚

225 1414 276 1483 qni
290 1418 387 1481 partos
399 1412 571 1466 Latinorum
586 1413 704 1482 agebat,
726 1412 849 1481 protulit
867 1413 995 1467 similem
1009 1425 1171 1479 auctorem,
1187 1412 1244 1466 hoe
1256 1416 1303 1467 est
1317 1413 1405 1467 histo·

226 1494 320 1546 neum
339 1493 506 1561 antiquum.
517 1493 570 1560 qui
581 1493 658 1546 inter
676 1493 735 1545 alia
746 1493 911 1547 testabatur
929 1493 1028 1562 ipsum
1037 1490 1212 1562 Symbolum
1226 1492 1260 1546 ln
1273 1491 1340 1547 VII.
1351 1488 1408 1561 ὃς·

225 1572 301 1627 uodo
316 1573 369 1625 hoe
383 1577 483 1625 terrore
496 1573 606 1626 loetum
621 1573 721 1627 luisse.
738 1572 782 1625 Ex
796 1574 906 1641 quibus
925 1573 1053 1642 quisque
1071 1571 1173 1626 videre
1191 1572 1300 1641 poterit
1312 1576 1344 1627 et
1355 1570 1406 1625 sd-

226 1653 324 1706 mirari
339 1652 513 1718 Ecclesiam,
529 1652 745 1720 qumrihundus
764 1668 833 1706 enm
844 1650 1018 1719 Salomone3
1039 1668 1105 1721 qttoe
1122 1654 1165 1705 eal
1178 1650 1245 1715 ista,
1257 1668 1326 1721 quoe
1340 1666 1408 1721 pro-

221 1732 364 1801 predam.
386 1732 472 1801 qmrsi
483 1748 592 1785 aurora
605 1748 792 1799 eorrsrcrpeus,
810 1733 937 1800 padclru
952 1735 984 1785 ιιι
1004 1732 1114 1785 liutto?
1135 1731 1228 1786 Plane
1240 1732 1322 1787 enim
1342 1730 1407 1797 lna,

224 1819 258 1868 ιιι
278 1812 364 1866 Luna
384 1812 527 1881 paulatim
549 1813 670 1881 impleta
688 1818 733 1865 ost
751 1812 789 1865 ad
817 1813 1079 1879 orbicularitatom,
1110 1827 1165 1865 sen
1193 1813 1408 1880 perlectionem

185 1884 188 1889 ’
226 1893 356 1947 reducta.
382 1892 473 1945 l'lane
492 1893 577 1961 quasi
606 1908 721 1954 aurora,
752 1907 821 1945 enm
841 1898 973 1960 tempore
1001 1892 1124 1945 luminis
1152 1892 1340 1947 incrementa
1358 1908 1408 1946 su·

223 1974 328 2042 acepit,
351 1975 381 2025 in
402 1974 458 2026 hoe
486 1973 606 2041 negotio
624 1988 741 2025 summo
769 1971 871 2038 arduo,
891 1977 926 2025 ut
953 1988 1069 2026 summe
1090 1976 1203 2025 saneto.
1234 1971 1356 2026 Etenim
1376 1972 1408 2027 iu

226 2053 321 2122 prima
339 2053 454 2121 synodo
473 2060 502 2105 et
521 2060 695 2106 eoeterarnm
711 2052 844 2120 principe
858 2050 979 2105 Nieaena
992 2052 1097 2120 prima,
1118 2050 1156 2105 de
1175 2049 1290 2119 Spiritu
1303 2060 1409 2107 saneto

226 2133 322 2185 solnm
342 2133 463 2185 ‹lellnita
483 2138 527 2186 rat
541 2132 653 2197 Deitas,
669 2146 724 2185 nee
738 2132 827 2185 nimis
841 2132 929 2187 clare.
945 2132 1022 2184 illis:
1036 2132 1120 2184 eredo
1132 2131 1162 2183 in
1178 2131 1328 2201 Spiritum
1341 2148 1411 2185 aaa·

224 2215 314 2265 (lam.
337 2212 371 2265 In
391 2210 614 2281 Constantinop.
638 2212 732 2280 prima
751 2211 851 2265 addita
865 2216 910 2265 ost
923 2212 1087 2280 processio:
1108 2210 1161 2280 qui
1178 2227 1216 2264 ιιι
1238 2212 1325 2265 l'otre
1343 2228 1411 2281 pro·

223 2292 308 2345 (mlii.
325 2292 358 2344 ln
373 2291 492 2345 Niermra
505 2301 603 2345 autem
617 2292 762 2351 secunda,
778 2307 844 2360 apum
858 2292 961 2344 orrline
975 2291 1040 2344 VII.
1055 2292 1178 2345 delinita
1190 2297 1236 2345 est
1255 2292 1409 2360 processio

224 2371 289 2434 eius
309 2372 345 2423 alr
365 2371 457 2425 altera
476 2371 565 2425 otiam
585 2386 720 2439 persona,
741 2371 874 2439 adeoquo.
888 2372 925 2422 ab
944 2377 1080 2439 utraque,
1102 2370 1161 2423 ini:
1183 2369 1236 2440 qui
1255 2386 1293 2423 er
1310 2372 1409 2437 Purra,

226 2451 356 2519 Filioque
376 2451 515 2519 pean-edil.
